2760 4822
232 364 532 440 crunnus
574 363 952 448 urrronrro.
1074 383 1120 474 89

95 553 156 626 Ars
177 551 237 640 lit,
259 569 297 621 at
317 581 337 622 a
358 556 484 624 teneris
507 555 637 624 crimen
659 555 871 634 condiscitur
890 563 1001 636 annu.
1075 569 1119 640 ns

148 662 246 752 Quae
266 661 360 730 venl't
379 679 499 732 exacto
521 676 695 753 tempure,
718 669 818 756 pejus
838 687 937 744 amat.

15 803 16 832 t
98 767 148 835 Tu
165 793 248 837 nova
266 787 420 838 servatm
441 772 554 862 capies
574 771 740 842 libamine
760 775 893 850 lamae:

150 873 193 942 Et
210 875 346 986 pariter
366 869 524 948 nostrum
544 879 773 975 licenterque
794 907 933 959 nocens.
1061 897 1065 906 '

96 1122 417 1202 inpolitnm,incultnm;
433 1125 588 1208 hincigna·
654 1137 704 1204 ss,
724 1133 763 1190 sc.
791 1135 851 1192 Ars
864 1139 909 1212 fit
929 1147 982 1196 etc.
1018 1135 1123 1196 Sensus

96 1229 171 1280 tran,
187 1207 312 1266 madum
619 1228 676 1276 ests
703 1215 759 1274 Ubi
779 1217 838 1278 sive
859 1221 973 1296 quando
990 1219 1036 1282 rel
1052 1242 1125 1298 qua·

127 1293 319 1358 &Sarcina-
355 1293 460 1370 Onus,
484 1299 588 1360 amoris
622 1314 706 1362 tenus
731 1301 841 1362 crimini
863 1305 1032 1378 (upandi),
1056 1303 1124 1362 iuli·

95 1375 221 1438 molestia.
250 1383 254 1396 '
575 1382 577 1384 ’
622 1385 678 1444 cito
703 1385 810 1458 amori,
838 1383 874 1444 ab
897 1375 1012 1446 ius'trnte
1032 1399 1126 1446 aetate

128 1463 364 1542 Sodomam
392 1463 520 1526 Adsidue
538 1467 592 1526 mi·
622 1469 728 1528 lumina
747 1489 864 1548 operam
886 1469 983 1544 dedit;
1006 1471 1037 1530 iu
1056 1471 1126 1530 artis

93 1545 124 1604 lsi
150 1546 301 1604 molestiam
332 1548 428 1626 parit,
455 1553 590 1610 continuo
621 1553 896 1612 iorrnamamnriste
910 1553 1128 1630 abit,sirecre·

94 1631 332 1708 negnmt,qnia
342 1639 461 1692 sarcina
474 1635 522 1694 illa
535 1657 591 1696 non
622 1636 675 1694 bro
711 1639 842 1696 erer'citio
873 1637 925 1698 sibi
962 1639 1127 1698 sactsstatern

93 1729 169 1793 apta,
182 1735 240 1772 non
253 1717 445 1788 couveniens,
459 1741 533 1780 nova
547 1733 591 1780 est
622 1721 779 1799 quaesivit,
802 1721 973 1782 moderatius
997 1734 1027 1780 et
1048 1723 1129 1782 velut

93 1801 191 1878 pectori
209 1819 285 1858 meo.
322 1799 368 1858 De
390 1801 478 1862 verbo
494 1807 591 1866 solere
622 1825 657 1866 ex
674 1805 844 1883 quibusdam
860 1809 1018 1886 praeceptis
1031 1829 1127 1866 aman·

92 1885 125 1942 V.
140 1885 271 1944 scheller.
300 1885 346 1942 cit
362 1887 392 1946 in
412 1900 471 1946 not.
488 1889 525 1948 arl
552 1909 591 1950 vs.
624 1889 670 1948 di:
693 1909 767 1968 quoe
797 1911 864 1951 vero
886 1891 972 1970 longo
999 1905 1128 1970 ternpore

93 1991 131 2041 7¹·
145 1971 248 2050 Epil.
623 1973 735 2053 elapso,
753 1974 798 2034 rel
819 1993 991 2034 acroamate
1012 1975 1128 2054 incipit,

126 2053 283 2130 Quoniam,
301 2051 396 2132 inquit
412 2055 494 2130 Sar,
512 2058 593 2134 juve·
623 2057 819 2120 vehementius
850 2055 935 2138 atqu'e
967 2059 1130 2118 inmodera-
1166 2078 1172 2094 ·

92 2140 136 2196 nis
161 2138 197 2196 ab
213 2137 341 2198 omnibus
365 2141 505 2216 ejusmodi
527 2141 592 2200 ille·
624 2143 685 2226 tius
703 2142 780 2200 furit
812 2141 891 2202 Illud
916 2141 992 2202 enirn
1016 2153 1059 2202 est
1076 2163 1131 2220 pe·

93 2221 184 2279 cebris
198 2233 228 2280 et
241 2241 270 2278 re
289 2223 388 2283 uxoria
404 2223 592 2300 abhorrebat,
616 2229 667 2306 jus
689 2239 778 2286 anus.
802 2227 838 2290 V.
862 2247 919 2288 van
943 2227 1067 2306 Lennep.
1091 2225 1130 2286 ad

93 2306 213 2380 ideoque
225 2307 376 2364 verendum
388 2319 458 2380 erat,
469 2307 595 2368 neblan·
626 2331 665 2374 vs.
678 2315 721 2367 ss.
740 2309 863 2370 Tursell.
882 2311 941 2390 Op.
960 2312 979 2370 l
997 2313 1027 2370 in
1045 2333 1072 2372 r.
1090 2321 1129 2370 ut.

94 2391 155 2448 dam
177 2389 281 2452 Sirenis
305 2411 405 2450 rocem
427 2405 595 2452 contemne·
660 2399 795 2455 Criminis
817 2393 985 2454 voealurlum
1005 2413 1134 2454 commus

94 2486 151 2546 ret,
185 2476 265 2533 tao'te
288 2487 319 2534 et
344 2475 518 2538 subobscure
547 2478 595 2534 in·
626 2499 662 2540 oc
683 2491 726 2538 est
746 2477 877 2538 omuibus
903 2479 976 2538 vitiis
1004 2479 1070 2544 sive,
1088 2477 1131 2534 lc-

95 2561 216 2615 stitutum
241 2560 317 2620 ritae
340 2579 429 2637 genus
447 2559 596 2642 Hippolyti
626 2561 751 2626 rioribus
783 2564 842 2622 sire
873 2557 1056 2640 gravioribus
1093 2561 1131 2620 cs.

94 2641 208 2720 probare
224 2643 356 2716 ridetur,
377 2665 434 2704 non
451 2645 547 2704 mirari
562 2664 593 2702 se
624 2659 684 2706 not
710 2647 746 2706 ad
766 2666 861 2718 resp.
887 2647 940 2723 Ep.
954 2645 992 2704 11.
1027 2643 1132 2704 Oratio

94 2727 210 2784 Mimos
223 2727 319 2786 odisse
332 2747 399 2786 eum
411 2729 550 2808 jucundos
565 2729 595 2788 in
626 2750 693 2790 sane
711 2730 871 2809 pestilens,
892 2727 1029 2789 exclamat
1048 2727 1134 2804 sun,

96 2809 229 2869 amoribus
249 2812 376 2888 sructus5
401 2831 500 2870 eorum
519 2813 595 2874 enim
626 2827 657 2874 et
685 2813 782 2874 virtuti
815 2811 1024 2872 inimicissimal
1060 2811 1134 2888 Quis

94 2895 243 2972 peiurium
257 2915 405 2971 nunquam
420 2897 516 2956 iecisse
527 2921 535 2972 ς
548 2901 594 2976 ju·
624 2919 702 2958 nunc
718 2911 882 2957 succenseat
892 2897 1016 2968 iuribus,
1039 2895 1132 2954 latro-

93 2999 172 3038 renes
190 3001 250 3038 non
269 2980 358 3056 magis
375 2979 449 3038 serre
466 3002 549 3058 posse
564 3005 596 3042 a·
624 2983 725 3055 nibus,
743 2983 860 3060 aliisque
873 2985 934 3060 ejus
950 2980 1066 3040 furfuris
1078 2980 1133 3038 ho·'

94 3065 173 3120 moris
192 3065 367 3143 imperium,
385 3085 471 3140 quam
490 3067 594 3143 juven·
627 3066 768 3136 minibus,
798 3067 821 3124 si
844 3067 1068 3146 unumquisque
1089 3065 1135 3124 ia·

16 3141 17 3216 J
94 3152 268 3226 cusjugurn,
285 3161 335 3206 aut
347 3165 436 3222 equos
452 3167 550 3206 recens
561 3149 596 3208 de
627 3153 706 3210 cinus
725 3163 836 3208 mature
856 3151 985 3208 audeat?

93 3253 170 3312 grege
189 3243 299 3292 sumtos
317 3229 363 3290 vel
381 3233 461 3291 irena
478 3231 524 3292 rcl
539 3253 599 3292 ses·
665 3255 704 3305 η.
733 3223 842 3292 Tu'etc.
860 3233 1043 3292 Adlioiteurn
1058 3253 1136 3294 com·

16 3341 17 3350 ¹
93 3338 197 3377 sorem:
211 3319 284 3396 quin
302 3315 356 3375 sibi
374 3317 427 3394 ipsi
449 3316 598 3376 molestam
629 3317 810 3378 mendatione
821 3337 889 3378 suae
900 3319 1059 3398 pudicitiae.
1077 3321 1135 3394 Τιι,

16 3453 17 3492 3
94 3423 148 3460 esse
166 3403 243 3460 hanc
266 3401 369 3461 amoris
385 3401 539 3473 sarcinam,
558 3411 598 3458 ta·
630 3403 738 3480 inquit,
757 3403 814 3462 eris
830 3402 956 3482 primur,
974 3403 1023 3482 qui
1037 3403 1137 3462 mevi·

93 3491 169 3546 metsi
188 3490 248 3564 jam
261 3485 434 3566 provectiori
447 3497 539 3542 aetate
554 3488 597 3544 sit
629 3489 743 3546 tiareris
755 3531 764 3558 ‚
794 3500 824 3546 et
848 3487 1012 3567 pudicitiam
1043 3507 1138 3546 meam

93 3573 167 3647 Quid
189 3591 259 3630 vero
278 3571 386 3644 levius,
412 3571 480 3650 quid
501 3569 598 3648 impu·
630 3569 800 3646 abstuleris3
826 3595 892 3632 narn
916 3573 1053 3632 emerito
1077 3591 1138 3630 uon

91 3657 202 3713 (lentim
232 3655 286 3714 hac
324 3655 598 3732 argumentatione?
630 3657 757 3714 aulcrtur
784 3657 896 3716 mulieri
929 3657 1062 3736 pudicitie
1089 3651 1137 3712 rel

93 3739 303 3799 continentiam
323 3739 402 3796 enim
430 3738 599 3796 adolesccn·
630 3741 704 3798 iarrm
730 3743 885 3814 cortisani,
902 3741 954 3800 sed
975 3738 1011 3798 ab
1031 3739 1134 3796 alicam

17 3807 18 3848 ¹
92 3825 126 3882 n's
145 3841 205 3882 nen
232 3835 265 3882 ut
290 3821 404 3882 virtutis
430 3832 460 3879 et
485 3821 601 3900 sapien·
666 3823 743 3882 Dicit
759 3845 846 3904 crgo,
867 3845 898 3885 se
917 3841 1030 3901 semper
1049 3819 1137 3878 luisse

92 3912 165 3976 tiae,
189 3909 242 3967 secl
264 3920 295 3970 ot
313 3907 442 3964 inscitiae
463 3917 492 3964 et
512 3905 601 3966 rusti·
631 3905 765 3968 intactam
782 3909 918 3968 hacteuus
938 3905 974 3964 ab
987 3901 1135 3974 omnibus,

91 3993 181 4054 citatis
204 4005 302 4055 notam
321 3993 534 4072 interpretatur.
631 4003 859 4134 prepetprquama
874 3992 1052 4063 Turrense
1068 3983 1139 4066 Hip·
