2760 4822
237 385 301 454 aaa
465 343 790 448 EPISTOLA
835 375 1059 450 sexul.

244 567 394 637 Barbara
415 579 576 632 narratur
596 564 728 632 venisse
749 563 904 634 venefica
926 581 1063 656 tecum,

309 673 352 740 ln
373 669 459 740 mibi
481 673 638 759 promissi
661 689 760 764 parte
780 683 920 765 recepta
942 673 1022 738 tori.
1257 680 1303 747 2'0

249 776 401 851 Credula
421 801 476 845 res
498 802 593 846 amor
615 797 678 848 est.
700 781 832 848 utinam'
854 778 1032 846 temeraria
1052 775 1148 849 dicar

314 887 526 957 Criminibus
547 885 639 949 salsis
659 881 870 949 insimulasse
891 871 1024 951 virum!
1130 961 1132 968 ¹

250 996 371 1089 Nuper
391 978 434 1058 ab
454 991 652 1092 'Haemoniis
676 981 800 1082 bospe's
821 988 907 1056 mihi
931 989 1114 1060 Thessalus
1136 993 1206 1060 oris

314 1088 489 1188 Venerat3
514 1117 549 1167 et
571 1115 699 1168 tactum
720 1101 776 1168 vir
797 1099 888 1170 bene
907 1097 1014 1168 limen
1036 1114 1129 1168 erata

252 1345 392 1412 soibendt
410 1344 532 1408 officium
550 1347 621 1408 mibi
640 1353 760 1427 praesti-
790 1343 956 1408 alternant
975 1338 1116 1404 ordinabo
1132 1365 1197 1406 cum
1214 1365 1302 1406 aocsv

247 1436 325 1494 tisse.
360 1437 437 1492 Tum
453 1451 522 1492 vero
548 1435 688 1510 querendi
716 1435 760 1494 lo·
790 1432 872 1494 sandi
906 1449 974 1488 casu
1003 1437 1035 1486 et
1065 1433 1303 1507 praepositione,

252 1539 302 1578 cus
327 1518 440 1589 suisset,
458 1516 482 1576 si
503 1517 560 1574 moi
577 1519 694 1576 omnino
717 1519 761 1576 in·
791 1517 837 1579 vel
856 1535 921 1573 cum
944 1509 1091 1570 auferendi
1107 1531 1173 1569 casu
1190 1511 1305 1590 absque

250 1603 549 1665 memoriactusesses.
565 1601 758 1660 Tentumau-
787 1597 1001 1682 praepositione
1036 1595 1210 1674 frequentius
1246 1615 1300 1656 oe-

250 1699 310 1746 tam
329 1686 430 1758 abeat,
448 1696 482 1742 ut
496 1701 621 1760 querar,
639 1695 690 1756 ut,
709 1695 758 1744 tua
788 1685 882 1745 currit
900 1683 957 1740 Sax

253 1771 278 1830 si
304 1789 459 1841 maneam,
483 1779 600 1843 magnos
630 1767 761 1845 obsequii
826 1791 867 1830 aa.
894 1765 1025 1827 Credatis
1058 1775 1110 1824 ete
1128 1763 1173 1824 Οἱ
1197 1767 1302 1837 vspss.

254 1855 312 1915 mei
335 1856 441 1913 fructus
460 1852 572 1925 tulisse,
594 1853 758 1932 adoepisse,
789 1875 830 1933 sq.
856 1854 907 1930 Ep.
925 1852 950 1909 1.

253 1941 326 2000 mibi
346 1939 452 2002 ridear.
825 1938 999 1998 remensia.
1028 1933 1220 1996 sinuatione
1237 1933 1304 1994 fin-

284 2047 328 2098 ¹7·
344 2024 483 2104 Officium.
494 2017 658 2080 Definiente
670 2019 756 2081 Geso.
789 2035 867 2101 gens.
883 2017 1006 2078 nubem

141 2121 161 2144 ‚·
245 2115 284 2174 ‘m
300 2107 388 2170 Thes.
418 2103 583 2184 aquidquid
599 2103 757 2164 faciendum
824 2125 865 2163 aa.
893 2107 996 2165 Falsis.
1029 2101 1135 2175 Finis,
1153 2102 1298 2183 spaloti&

253 2208 350 2259 estex
369 2193 455 2270 lege,
478 2190 515 2246 de
538 2190 684 2248 voluntate
702 2209 757 2266 po·
787 2193 887 2250 Actire
905 2187 1058 2269 etpassive
1076 2187 1178 2247 dicitur
1186 2191 1297 2270 salnes.
1331 2245 1334 2250 .

250 2281 334 2364 puli,
353 2275 511 2346 arnicitiae,
528 2271 645 2330 honoris
673 2271 759 2330 aliou-
788 2277 836 2338 Cf.
853 2275 940 2354 Epi.
957 2293 1034 2344 vap.
1054 2272 1131 2330 adn.
1147 2271 1183 2328 ad
1203 2273 1230 2330 h.
1253 2293 1300 2334 vs.

148 2383 149 2386 ’
249 2369 299 2445 jus
313 2381 416 2437 causa,
432 2359 464 2420 id
478 2375 565 2420 omne
578 2357 760 2418 offitiumro·
830 2364 871 2420 as.
888 2357 1298 2427 Abisamam-onnia

249 2449 360 2512 'nturi’
788 2443 954 2521 Thessalia,
968 2441 1006 2501 ab
1023 2442 1132 2498 Haemo
1142 2451 1237 2498 moute
1248 2443 1300 2502 val

294 2538 434 2594 curasse.
460 2527 655 2586 Intermissum
677 2541 761 2597 esse,
790 2530 828 2590 ab
840 2531 1002 2599 Ηαειηοιιε,
1017 2523 1201 2583 Deucalionis
1213 2523 1298 2602 filio,

252 2619 378 2679 defuisse
404 2611 476 2674 mibi
495 2613 620 2670 officium
648 2609 702 2672 viti
730 2609 760 2667 in
789 2615 830 2676 sie
851 2613 1054 2690 cognominare
1072 2609 1133 2666 saa

252 2700 404 2766 scribendo
427 2696 506 2756 lenti.
685 2749 689 2758 ,
824 2703 946 2774 Hospes.
975 2696 1050 2753 Cum
1063 2693 1234 2752 nnllaetum
1248 2713 1299 2755 ee-

293 2795 334 2846 ιδ.
363 2783 531 2862 obseqsc'mn
550 2777 584 2836 iit
602 2776 649 2839 rel
667 2775 761 2835 indul·
790 2793 854 2843 sent
884 2779 1043 2839 mansiones
1073 2778 1133 2838 sire
1158 2777 1302 2848 ‚ubemae

256 2870 350 2950 gendo
370 2861 492 2924 'altenus
518 2862 685 2939 cupiditati,
714 2858 760 2920 vel
790 2866 936 2947 publicae,
955 2882 1027 2942 quas
1044 2861 1147 2939 vulgus
1162 2865 1300 2942 maso.

255 2952 338 3014 alicui
356 2949 488 3027 injuriam
506 2945 761 3006 lacitecondonan-
790 2957 837 3012 ria
856 2959 954 3018 vocat,
973 2949 1035 3027 ipsa
1051 2949 1092 3005 rei
1113 2957 1143 3006 et
1160 2948 1299 3010 humani..

238 3038 315 3110 ·do,
328 3034 375 3095 rel
391 3031 520 3090 cedendo
541 3029 650 3108 aliquid
663 3029 700 3087 de
713 3029 760 3105 ju·
790 3035 856 3094 tatis
880 3033 953 3089 ratio
973 3029 1156 3109 postulabat,
1175 3043 1207 3090 ut
1230 3053 1299 3094 mu.

255 3139 287 3180 ro
308 3139 371 3178 suo.
389 3117 452 3174 San
792 3119 848 3179 tuis
871 3115 969 3177 officiis
989 3125 1019 3172 et
1037 3112 1200 3192 philoxenia
1222 3117 1300 3177 alter

295 3227 335 3282 sp
361 3203 503 3260 narbam.
530 3197 703 3277 Perpetuam
721 3200 762 3262 sc.
793 3203 914 3262 alterum
945 3217 1064 3277 peregre
1097 3199 1300 3262 advenientem

256 3309 288 3350 re
307 3286 384 3366 apud
404 3285 490 3344 Orid.
518 3283 637 3340 bledeae
654 3284 763 3362 epitha-
793 3287 879 3346 domo
900 3305 951 3344 sua
968 3285 1127 3360 reciperet,
1142 3285 1219 3342 unde
1241 3305 1300 3345 ua-

256 3387 316 3432 ton.
332 3370 400 3429 Vid.
416 3371 532 3445 Argum.
549 3371 572 3443 ς.
587 3373 611 3426 8.
629 3370 759 3426 Medeam
790 3381 820 3430 ta
849 3379 894 3428 est
915 3368 1088 3428 amatissima
1109 3371 1301 3429 neoessittrdi-

258 3457 412 3517 barram
421 3451 761 3538 eamqueoeneficampe·
791 3455 836 3512 nis
856 3451 974 3530 religio,
992 3471 1074 3530 φοι
1095 3470 1155 3509 non
1183 3463 1302 3514 tantum

257 3544 334 3603 nisse
354 3537 517 3596 nunciatum
537 3549 618 3610 erat,
636 3549 699 3596 tum
724 3535 761 3594 ab
792 3537 938 3619 spectabat
956 3539 992 3596 ad
1007 3537 1071 3594 illos
1087 3537 1300 3616 particulatim,

259 3625 384 3701 origine,
411 3638 476 3677 cum
502 3617 539 3675 ab
561 3621 627 3678 artis
649 3621 760 3701 proles·
791 3623 841 3700 qui
864 3641 927 3680 mm
953 3621 1067 3700 bospitii
1092 3621 1183 3696 legem
1210 3623 1302 3700 primi

260 3711 342 3769 sione
354 3705 495 3762 infamem·
792 3721 964 3780 sanxerunt,
982 3708 1033 3766 aed
1051 3706 1141 3763 ‘etiam
1160 3706 1198 3763 ad
1224 3707 1303 3765 libe·

297 3815 336 3852 ao.
353 3796 651 3867 In-pcrterecepcc,
662 3807 715 3866 pro
730 3789 760 3846 io
793 3797 840 3850 ros
854 3804 1040 3868 posterosque
1060 3809 1166 3848 eorum.
1185 3789 1253 3849 Sar.

257 3887 386 3955 partem,
405 3875 433 3931 in
449 3873 610 3930 societatem
627 3875 760 3951 conjugiis
829 3883 869 3945 al.
898 3880 938 3934 Et
962 3887 1065 3939 musra
1090 3885 1147 3936 etc.
1180 3875 1303 3936 Habent

167 4017 173 4028 ,
261 3979 333 4036 quae
358 3961 431 4016 ratio
458 3955 593 4026 dicendi,
618 3961 669 4015 etsi
704 3979 761 4016 non
792 3959 862 4016 baec
883 3957 968 4020 verba
989 3980 1119 4036 maguam
1147 3958 1303 4036 emphasin

259 4042 390 4102 inusitata
406 4044 498 4122 poetis
521 4053 550 4098 et
563 4043 759 4120 scriptoribus,
793 4045 829 4102 ad
849 4044 983 4125 temporis
995 4057 1133 4122 punctum
1147 4054 1176 4102 et
1199 4043 1305 4107 cateri-
