2802 4838
290 331 316 401 6
447 325 1093 414 .ne1s·tot.arlt1ml.

229 509 231 518 ’
294 516 373 588 Non
394 537 455 602 ego
476 511 611 582 desorto
631 516 810 602 jacuissem
832 512 954 603 frigida
974 513 1089 602 lecto,

361 623 433 690 Nec
455 631 618 712 quererer
640 621 755 690 tardos
775 625 826 690 ire
848 623 969 692 relicta
989 623 1088 694 dies:

298 732 370 803 Neu
391 729 496 814 mihi,
519 732 701 824 quaerenti
722 734 902 822 spatiosam
922 729 1041 798 fallere
1062 748 1218 822 noctem,

362 841 518 909 Lassaret
537 837 654 910 viduas
678 836 829 929 pendula
851 839 917 910 tela
936 863 1069 910 manus.
1293 863 1341 910 10
1363 875 1366 880 ·

299 1095 400 1162 rapta,
419 1105 455 1143 ex
472 1086 699 1158 Lacedaemone,
720 1087 805 1146 Pelo·
833 1088 902 1148 tiata
911 1099 940 1148 et
947 1084 1146 1168 ruptalielena
1152 1085 1344 1166 ,religiosum

297 1169 421 1247 ponnesi
440 1167 531 1243 tube,
556 1171 686 1244 Helena,
703 1173 805 1249 Troja·
834 1174 865 1234 id
883 1175 929 1252 jus
947 1173 1064 1254 hospitii
1080 1173 1207 1235 violarat.
1225 1173 1293 1231 San.

300 1251 421 1326 nibelli,
436 1255 565 1332 adeoque
578 1255 719 1314 malorum
729 1275 807 1314 meo·
870 1279 895 1331 7.
928 1261 1063 1338 ragida,
1089 1257 1168 1330 sola,
1185 1261 1244 1316 sine
1265 1259 1346 1316 viro.

301 1356 368 1396 rum
389 1357 471 1396 causa
484 1337 556 1408 luit,
576 1337 660 1397 undis
680 1343 804 1412 imarus,
836 1343 929 1414 llis-e,
961 1344 1055 1420 inquit
1081 1339 1216 1400 Ciol'anus
1242 1341 1282 1398 ad
1314 1341 1348 1400 h.

299 1421 507 1494 saevientibus,
528 1422 559 1480 in
577 1441 660 1480 cursu
679 1421 814 1500 sulrrneu·¹
836 1445 895 1497 va,
909 1425 1043 1505 exprimit
1051 1425 1196 1498 mulieris,
1212 1445 1288 1502 quae
1300 1425 1348 1483 le-

302 1525 352 1568 sus
372 1505 478 1566 luisset.
496 1507 534 1568 V.
551 1504 690 1564 Biblioth.
706 1507 809 1567 Classi-
838 1509 937 1588 gitime
957 1511 1052 1572 vuum
1072 1521 1167 1580 amat,
1188 1509 1348 1585 ingenium.

302 1609 336 1648 oa
357 1591 387 1648 in
407 1611 434 1652 r.
451 1591 570 1650 Hedera.
595 1591 808 1652 Onomastieon.
837 1594 1004 1671 Frigidumt
1029 1595 1122 1673 inquit
1144 1593 1228 1666 San,
1255 1609 1349 1649 omne

304 1675 452 1734 Poeticum
467 1676 550 1734 Dorn
561 1674 628 1734 Seis.
641 1675 671 1731 in
687 1694 716 1735 v.
733 1675 808 1735 Gra·
838 1677 870 1736 id
881 1678 1005 1750 'dicitur,
1024 1679 1104 1757 quod
1118 1689 1227 1756 torpet,
1245 1675 1350 1734 remis·

303 1761 348 1821 ris
370 1771 414 1818 est
437 1769 468 1818 et
486 1757 586 1819 acerba
609 1759 758 1818 detestatio
777 1763 808 1819 in
838 1781 960 1840 sumque
976 1783 1014 1822 ao
1030 1761 1197 1840 languidum
1209 1761 1253 1819 sit.
1282 1761 1353 1819 Frr'·

305 1845 447 1921 Troianos
462 1855 493 1902 et
506 1855 651 1920 raptorem
667 1843 808 1920 inprimis
839 1849 908 1926 gs'do
931 1849 1029 1926 itaque
1057 1845 1170 1924 egregie
1191 1843 1353 1922 respondet

306 1927 450 1999 Helenae,
468 1946 541 2006 quae
556 1925 650 1988 verbis
665 1929 768 2006 apertis
781 1941 811 1987 et
833 1935 949 2010 jacere,
966 1929 1141 1989 remissionis
1158 1939 1188 1988 et
1204 1926 1351 1987 exanima·

305 2012 380 2071 male
399 2011 530 2071 ominatis
551 2013 723 2092 oonu'piturr
740 2013 811 2072 alio·
841 2015 926 2074 ti‘onis
944 2014 1040 2073 index.

305 2097 356 2174 qui
374 2116 428 2174 pm
447 2115 499 2154 sua
515 2098 716 2174 superstitione
732 2109 811 2156 veta-
877 2109 904 2160 t.
930 2101 1053 2158 Tordos.
1070 2093 1206 2158 dissentia
1216 2108 1276 2156 tua.

305 2199 373 2254 tes,
402 2179 512 2238 etiamsi
531 2182 638 2238 malurn
661 2181 811 2260 praevide·
859 2186 935 2242 dre.
971 2183 1103 2260 Eleganti
1123 2181 1291 2260 metaphora
1313 2181 1352 2240 de

307 2277 386 2338 rent,
404 2275 501 2322 tamen
522 2263 650 2322 infaustis
675 2265 813 2342 precatio·
842 2267 1095 2344 temporedicitur.
1115 2267 1250 2325 Sioetiam
1261 2265 1352 2325 Orid.

218 2415 222 2424 ¹
306 2349 393 2408 nibus
409 2348 621 2427 diligentissime
638 2349 810 2426 pamebant,
842 2350 879 2408 de
897 2353 968 2408 Arte
989 2351 1116 2410 rimandi
1138 2351 1170 2408 L.
1178 2351 1230 2408 111.
1249 2370 1293 2411 vs.
1305 2353 1351 2406 62.

306 2434 472 2511 frequenter
488 2431 812 2512 addentes,quodomera
846 2435 954 2491 «Eunt
977 2435 1046 2493 anni
1074 2454 1155 2494 more
1182 2435 1294 2491 fluentis
1321 2455 1354 2490 a·

307 2519 360 2577 ou·
383 2527 535 2588 mertam,
559 2517 636 2592 quod
658 2521 712 2576 Do·
731 2535 813 2576 omen
843 2518 948 2595 quae.”
991 2518 1113 2577 Plautus
1146 2519 1178 2577 in
1207 2515 1354 2576 Pseudolo

307 2604 443 2672 obruam,
460 2601 508 2660 Di
524 2599 735 2661 meliora-San.
841 2601 1160 2664 net.1.sc.3.vs.12.
1188 2603 1246 2659 «11
1259 2599 1355 2658 dies.”

344 2693 372 2746 6.
406 2687 512 2744 crasse
530 2689 636 2744 Classis
653 2685 728 2742 sumi
739 2684 814 2744 arbi·
843 2687 881 2743 ef·
894 2683 1246 2746 Schraderadlllusseum
1263 2703 1291 2746 c.
1309 2703 1351 2758 ¹9.

308 2781 370 2830 tror
387 2791 441 2850 pro
460 2786 629 2846 qsraounque
647 2768 762 2828 navium
783 2769 813 2830 vi
842 2790 909 2850 pag.
929 2773 990 2836 iss.

312 2875 348 2914 ae
364 2855 463 2934 eopia,
487 2872 546 2911 non
558 2895 567 2924 ‚
591 2866 624 2911 ut
645 2853 814 2930 quibusdam
878 2857 1001 2929 Relicta.
1025 2853 1077 2912 Uti
1087 2873 1172 2926 versu
1182 2855 1355 2913 anteceden-

312 2935 496 3017 arriptoribus
514 2935 625 3014 placet,
649 2957 703 3014 pro
721 2957 814 2994 arma·
844 2949 873 2996 te
885 2935 1052 3018 simpliciter
1065 2939 1191 2998 desertus
1205 2941 1294 2999 lechas
1307 2941 1354 2997 di·

310 3033 341 3080 te
351 3025 542 3100 imuucuque
551 3021 687 3079 militibus
699 3020 814 3080 narium
844 3026 933 3095 citur,
949 3026 988 3081 ita
1003 3035 1034 3080 et
1046 3023 1112 3096 hie,
1125 3029 1278 3100 politanam
1294 3042 1356 3080 mo-

310 3105 735 3181 multitudine,qua}lesionem
744 3105 814 3162 arni·
844 3127 894 3181 re,
913 3125 967 3186 pro
987 3111 1089 3166 relicta
1111 3127 1132 3162 a
1148 3117 1184 3165 te.
1217 3107 1253 3163 ln
1275 3115 1358 3162 utro·

309 3201 386 3264 tam,
401 3211 487 3267 quam
497 3189 651 3261 Telonos,
662 3191 754 3266 Ajaeis
765 3209 816 3266 pa·
845 3204 901 3270 que
917 3189 1057 3252 vocabulo
1077 3191 1172 3250 deseri
1191 3199 1222 3247 et
1235 3189 1358 3267 relinqua

310 3286 371 3344 ter,
389 3275 449 3334 sive
462 3284 597 3352 rapuerat
614 3272 673 3333 sive
689 3277 726 3332 ab
739 3275 816 3331 Her·
845 3275 960 3353 obliqua
986 3275 1039 3335 sed
1059 3273 1189 3336 modesta
1207 3271 1284 3330 inest
1311 3289 1359 3330 ex·

309 3355 814 3435 eueaoeeperat,1>areteguusre-
843 3359 989 3440 probratio
1014 3358 1098 3418 officii
1120 3367 1150 3415 et
1173 3355 1271 3416 uxoris
1297 3365 1355 3414 tarn

311 3452 432 3522 peteret.
476 3441 620 3500 Credibile
647 3446 722 3502 enim
754 3463 814 3500 non
845 3444 895 3502 diu
912 3444 1067 3520 neglectae.

310 3539 371 3597 est,
387 3537 535 3606 exceptum
551 3526 704 3604 hospitioa
717 3527 816 3584 liene·
880 3551 907 3605 9.
942 3531 1057 3588 Fallere
1085 3533 1197 3586 noctem
1226 3523 1358 3592 didius-,¹

311 3610 374 3683 lao,
388 3612 506 3690 Spartae
523 3629 609 3688 rege,
626 3611 757 3668 Paridem
773 3611 817 3668 fu·
846 3615 896 3692 qui
916 3612 972 3670 tale
992 3608 1063 3690 quid
1085 3611 1163 3682 lacit,
1181 3629 1239 3686 quo
1262 3603 1355 3664 noetis

310 3696 525 3768 meminisse,
539 3696 562 3752 si
581 3695 609 3756 vi
622 3706 652 3752 et
668 3698 752 3753 armis
767 3715 815 3752 ur·
847 3697 977 3756 molestia
993 3717 1057 3756 non
1070 3695 1217 3753 sentiatur.
1237 3689 1284 3748 Sic
1297 3707 1357 3745 nox

312 3777 602 3858 hempetiissettnon
618 3777 730 3835 enmob
746 3784 815 3837 cais-
846 3783 963 3860 deceptu
995 3781 1049 3857 Ep.
1071 3777 1153 3835 XIX.
1188 3794 1231 3835 vs.
1255 3779 1299 3833 55.
1327 3779 1358 3827 et

311 3881 384 3924 sam·
397 3865 523 3942 perfidus
545 3873 574 3919 et
594 3881 653 3920 rem
674 3865 817 3942 mesariam
846 3867 932 3924 Trist.
960 3865 991 3922 L.
1006 3865 1059 3924 IV·
1082 3861 1126 3918 El.
1147 3881 1189 3918 ro.
1207 3861 1321 3923 verrit.

311 3959 488 4027 perpetrasse
508 3947 630 4018 dicitur,
647 3949 725 4022 quod
747 3949 818 4008 clas·
877 3973 892 4004 ι
904 3950 947 4008 Sic
965 3959 1059 4004 tamam
1077 3941 1194 4005 absumo
1200 3985 1211 4016 ,
1231 3940 1358 4024 decipio·

313 4053 344 4096 se
356 4035 486 4112 Spartam
496 4033 595 4116 petiit,
609 4030 660 4092 sed
673 4031 749 4112 quod
756 4075 766 4107 ,
778 4034 818 4094 vi·
915 4053 971 4111 que
988 4030 1094 4106 dieru’2
1107 4091 1111 4096 ,
