2802 4838
395 357 882 435 PROOEMIUM
1087 391 1157 446 xm

110 562 212 635 brem
232 555 373 657 poscit,
403 571 464 630 aut
488 559 556 634 leri
582 579 660 632 rore
693 561 809 660 spargi
834 571 945 648 amet,
971 560 1007 632 in
1033 543 1157 662 quibu,

3 735 4 750 η
113 683 274 760 omnibua
295 698 426 784 regnat
459 685 600 762 audacia
632 684 734 776 felix,
760 677 834 759 non
865 685 1019 786 proiecto
1048 689 1157 766 insor-

118 809 238 886 mnda
259 835 304 884 ex
326 821 459 884 mimo
484 812 601 916 aliquo
623 811 744 886 Gradu
768 813 814 886 ad
841 813 1071 908 Parnasum,
1097 833 1158 894 aut

3 923 4 960 ³
116 939 236 1014 ueeeio
264 936 396 1040 quibm
416 941 605 1038 prosodicis
627 939 836 1012 Loxieerum
858 939 1069 1040 (promittis,
1093 945 1156 1020 eed

3 1071 4 1074 ’
118 1091 165 1139 ex
184 1067 254 1166 ipra
276 1067 471 1140 Ροᾶετιιω
493 1079 648 1141 veterum
670 1061 805 1137 assidua
826 1061 986 1141 tectione.
1034 1067 1156 1172 Neque

117 1191 172 1264 iric
202 1219 266 1266 noa
297 1191 491 1266 morabitur
515 1216 605 1268 vona
630 1189 875 1292 plerorumque
906 1191 1157 1268 Grammatico·

116 1321 422 1420 mm‘praeoeptio
450 1319 495 1392 de
519 1317 658 1392 lieentia
685 1319 833 1418 poetica.
884 1318 1041 1392 Utantur
1059 1321 1159 1396 sarni.

117 1443 250 1518 turiter
267 1445 487 1536 Priscorum,
511 1445 550 1516 in
572 1443 695 1544 primis
719 1443 836 1518 Ovidii
853 1443 1081 1538 carminibus,
1106 1449 1157 1522 vi·

115 1569 250 1645 debunt
276 1586 423 1672 gratam·
437 1569 504 1646 illie
538 1593 642 1671 saepe
674 1569 917 1670 negligentiam
946 1585 982 1644 et
1007 1573 1157 1651 liberum

115 1695 283 1798 placuisse
311 1695 488 1800 spiritum.
535 1695 630 1792 Quid
658 1697 782 1772 euim?
817 1697 1066 1775 Putobimuene
1093 1729 1158 1777 uta·

113 1849 296 1900 merorum
325 1823 494 1916 vincola,
516 1825 642 1928 quibua
673 1823 828 1900 adstricti
854 1839 975 1920 erant,
1002 1829 1156 1902 timuisse

115 1961 240 2052 poetae
267 1965 306 2026 et
331 1954 566 2044 muriante,
603 1965 643 2026 ut
666 1951 844 2042 tuentius,
879 1977 982 2056 quam
1013 1953 1156 2029 dicendi

116 2077 337 2152 consuetudo
358 2077 517 2170 ferebat,
541 2079 579 2151 in
601 2077 787 2152 scribendo
813 2081 1029 2179 peecarenti
1075 2081 1156 2180 Ipse

114 2215 223 2276 neate
244 2205 384 2280 Ovidius
400 2202 447 2276 de
469 2229 506 2280 ee
532 2219 672 2278 etcum
695 2229 737 2277 eo
761 2203 874 2306 piures
899 2203 958 2278 alii
979 2206 1154 2281 verissime

107 2327 265 2426 gloriari
285 2341 441 2430 poterant

3 2609 4 2658 1
112 2527 250 2627 Sponte
274 2549 334 2598 sua
358 2551 522 2624 numeros
547 2557 686 2606 carmen
713 2531 872 2608 veniebat
898 2532 942 2604 ad
966 2547 1087 2632 aptos:

161 2653 232 2742 Et,
257 2649 352 2754 qnod
376 2653 555 2730 tentabam
581 2656 720 2750 dicere,
749 2682 868 2734 verme
893 2671 966 2734 orat
987 2659 1074 2756 (3).

3 2849 5 2950 t
113 2847 206 2921 sane
241 2849 303 2949 qui
337 2863 459 2951 peetus
491 2853 582 2927 varia
613 2853 770 2928 lectionis
797 2855 1029 2958 Antiquarum
1058 2857 1158 2957 copia

112 2973 327 3048 innutritum
364 2974 493 3068 habet,
529 2979 692 3079 intelligit
722 2993 843 3082 suopte
875 2981 1006 3082 judicio
1050 2981 1158 3056 alium

112 3123 318 3173 emmonem
340 3099 378 3175 in
408 3105 584 3196 oratione,
621 3105 725 3182 alium
758 3109 796 3181 in
828 3106 1024 3208 quotidiana
1049 3107 1159 3182 homi-

109 3249 200 3298 num
229 3227 508 3322 eonmetudine,
545 3231 649 3307 alium
678 3237 716 3307 in
748 3231 958 3307 carminibus
991 3233 1160 3309 obtinuis-

111 3375 173 3424 ae:
197 3353 355 3454 proinde
378 3357 407 3428 si
432 3359 509 3458 quia
540 3361 631 3433 ausit
660 3359 768 3433 hodie
795 3361 975 3461 quippiam
1008 3361 1159 3434 carmine

110 3477 259 3567 Iamo,
297 3481 425 3579 cogitet
459 3485 612 3584 primum
637 3489 786 3579 Latine;
810 3485 905 3590 quod
943 3499 996 3558 est
1025 3487 1160 3562 veriati-

107 3629 208 3678 mum
233 3603 371 3680 clerici
393 3609 433 3680 in
456 3613 550 3684 omni
577 3611 752 3686 scribendi
777 3638 921 3714 genere,
947 3611 1042 3716 quod
1067 3615 1161 3686 Lati·

104 3755 153 3802 ne
181 3733 251 3824 iit,
278 3731 537 3835 'praeceptum3
564 3765 678 3812 mores
711 3739 835 3842 populi
865 3741 1033 3833 Romani,
1065 3741 1161 3838 inge·

101 3856 233 3950 nium,
262 3859 356 3940 ritua
381 3883 464 3964 cum
502 3887 615 3937 sacros
649 3879 723 3940 tum
750 3865 868 3942 civiles
894 3879 1030 3960 teneat,
1056 3863 1162 3941 hieto·

127 4135 194 4212 (3)
221 4137 317 4196 Triat.
342 4137 437 4208 LIV.
461 4139 504 4202 iil.
525 4161 564 4201 ro.
590 4163 629 4208 ve.
645 4149 688 4204 25.
709 4163 748 4222 aq.
