2760 4822
161 439 165 446 .
221 393 283 474 ιε.
455 363 780 458 srrsroun'
821 375 1045 453 suxrr.

151 637 161 654 ,
214 577 356 651 Scilicet
376 589 415 642 ut
438 589 567 657 muros,
591 571 637 638 ito
660 583 693 634 te
714 565 907 654 jugalem
929 570 1066 657 coegit:

285 688 433 778 Quoque
454 682 544 750 seros
566 695 711 762 angues,
738 689 771 740 te
793 693 934 766 quoque
954 675 1107 762 mulcet,
1129 697 1206 775 ope.

221 795 347 879 Addo,
370 785 465 886 quod
487 782 641 853 adscribi
662 779 758 847 lactis
780 803 1034 874 procerumque
1056 784 1193 877 tuisque

285 907 330 970 Se
349 899 461 971 favete
484 908 521 962 et
541 887 641 959 titulo
662 886 817 972 conjugis
839 909 926 955 uxor
946 890 1055 960 obest.
1201 916 1267 968 100

219 1145 308 1219 modo
330 1141 383 1202 tibi
409 1136 603 1220 persumris,
625 1146 655 1196 te
681 1137 728 1196 ul·
802 1136 931 1196 Medeae
958 1135 997 1194 id.
1027 1136 1132 1214 (lere)
1154 1159 1182 1218 q.
1208 1143 1266 1200 mi·

116 1265 121 1274 ·
217 1231 276 1291 lam
290 1248 308 1287 e
322 1245 422 1286 somno
436 1225 511 1282 curis
524 1235 554 1282 et
570 1219 728 1283 vexationi·
756 1224 861 1300 tigme,
878 1220 1011 1298 pluente,
1029 1233 1064 1279 ex
1075 1241 1175 1303 nepem
1189 1227 1268 1284 mol·

219 1313 275 1373 bun
292 1309 416 1370 obnoxio
432 1309 609 1386 voluptatem
624 1317 725 1383 coptu·
756 1306 815 1364 lem
833 1317 863 1362 et
879 1302 974 1361 lenem
990 1305 1110 1365 efficere
1129 1308 1192 1366 sax.
1211 1309 1267 1388 Pp.

219 1413 282 1456 rem
303 1398 389 1454 esse?
418 1393 489 1452 hoec
517 1390 594 1450 enim
620 1401 664 1447 est
684 1388 726 1448 ris
757 1401 852 1448 ectum
870 1387 1027 1466 significet,
1041 1411 1099 1466 quo
1112 1393 1269 1468 quidmol·

220 1479 302 1542 verbi
310 1479 392 1558 snei.
412 1478 474 1536 sax„
509 1476 554 1534 Cf.
571 1475 608 1532 D.
625 1475 652 1532 J.
670 1492 727 1534 ron
757 1473 786 1531 lc
806 1473 944 1532 redditur.
961 1474 1091 1534 Efficiens
1104 1475 1267 1556 itaquepro

221 1563 346 1642 Leunep.
365 1562 395 1620 iu
412 1559 562 1619 Anirucdr.
758 1556 868 1616 effectu.

267 1652 310 1720 qn
346 1647 441 1705 Nocte
466 1646 572 1704 silente.
600 1641 646 1700 Cf.
674 1641 726 1717 Ep.
793 1663 921 1718 99‚1oc.
939 1643 1187 1725 Mestumque
1203 1643 1268 1702 Nc·

223 1728 290 1792 XV·
308 1749 350 1792 rs·
368 1737 425 1790 166.
448 1730 533 1788 Trist
551 1727 614 1785 nl.
641 1725 685 1786 El.
699 1733 725 1786 3.
758 1746 816 1805 que
842 1727 871 1784 id
892 1729 959 1784 satis
984 1726 1059 1798 suit,
1083 1738 1112 1786 te
1134 1727 1267 1806 pessimis

219 1833 262 1882 rs.
276 1834 317 1886 ²7·
757 1813 820 1888 ejus
839 1807 945 1870 miluus
963 1821 1094 1889 coptum,
1112 1822 1142 1890 ct
1157 1811 1187 1868 iu
1203 1829 1267 1868 ser*-

261 1921 277 1953 ι
294 1898 414 1976 Jamque
440 1891 621 1974 quiescebant
644 1911 728 1955 voces
760 1898 880 1955 vitutem
905 1895 986 1972 quusi
1007 1893 1158 1954 obductum
1181 1913 1266 1954 csse:

291 1981 498 2058 hominumque
515 1997 683 2055 canumque.
759 1998 836 2038 nuuc
853 1991 882 2036 te
905 1977 1037 2038 laudibus
1055 1982 1134 2052 tuis,
1156 1981 1266 2060 priuci-

295 2065 432 2143 Lunaque
445 2074 598 2126 nocturuos
615 2063 673 2122 ulta
683 2081 729 2122 re·
758 2081 886 2142 pumquo
902 2063 997 2120 omnin
1009 2065 1147 2143 discerpit.
1171 2066 1267 2140 Quid-

329 2147 414 2226 gebat
430 2149 546 2225 equon”
759 2148 829 2226 quid
858 2147 888 2206 io
920 2146 1059 2207 Colchide
1086 2149 1201 2208 feliciter
1233 2161 1267 2210 ct

225 2233 273 2294 Ci.
299 2233 449 2292 Nostrates
476 2232 573 2292 Hooit
600 2231 729 2292 Grouidu
758 2248 896 2311 prospere
922 2245 1033 2309 gestum
1059 2244 1138 2307 crat,
1160 2233 1190 2293 id
1218 2245 1265 2296 to*

223 2319 330 2380 D.111.
348 2315 456 2376 Delfilo
758 2327 918 2374 tumtunm
935 2335 997 2376 esse
1017 2336 1050 2376 ac
1066 2317 1210 2396 proprium
1221 2319 1267 2378 la-

366 2427 381 2458 ι
397 2402 443 2460 Dc
459 2417 546 2460 nune
563 2397 649 2460 recht
665 2418 728 2462 rer*
759 2413 855 2476 tetur3
872 2420 925 2460 uec
944 2410 1054 2460 tentum
1073 2401 1102 2458 iu
1117 2402 1193 2460 istius
1211 2423 1265 2462 so·

391 2485 507 2566 ·spreidt
524 2503 587 2544 eur.
759 2485 888 2544 rietatem
909 2485 985 2543 tituli
1000 2496 1030 2544 ct
1045 2485 1147 2562 gloriae
1166 2503 1196 2542 se
1215 2486 1265 2545 of·

223 2571 306 2632 Poot.
335 2573 372 2634 de
393 2574 479 2632 tinen
499 2570 538 2649 hy
561 2567 729 2646 Endymion.
759 2570 830 2641 sert,
853 2571 905 2628 red
925 2567 997 2627 nihil
1017 2580 1109 2627 tecum
1134 2587 1265 2628 commu·

222 2675 263 2719 vs.
277 2677 302 2727 ⁷·
673 2651 676 2660 ’
759 2655 852 2724 nicet,
872 2673 958 2712 omne
979 2652 1033 2712 sibi
1051 2653 1187 2725 vindicat,
1202 2673 1266 2712 un-

263 2760 306 2815 97.
334 2741 450 2800 Scilicet
464 2750 495 2798 ut
509 2750 622 2806 murus,
641 2739 683 2794 ita
702 2743 729 2792 te
741 2782 750 2818 ,
760 2740 797 2797 de
812 2739 951 2818 cupidius
972 2750 1002 2798 et
1018 2737 1132 2797 urbitio
1149 2740 1209 2815 ejus
1219 2758 1267 2798 san

218 2824 294 2904 juga
318 2825 406 2905 serre
433 2827 534 2903 coegit.
575 2817 729 2880 contentio
761 2824 796 2882 tis
816 2843 959 2900 superque
977 2824 1076 2883 elucet.
1093 2823 1156 2882 sax,
1260 2836 1265 2844 ·

225 2921 374 2968 murorum
402 2919 432 2967 et
456 2910 595 2987 serpentis
631 2902 731 2964 domiti
804 2910 942 2971 Adscribe·
959 2939 996 2960 -·
1016 2929 1048 2970 se
1064 2909 1157 2989 favet.
1200 2909 1263 2968 Cn-

226 3010 293 3050 curn
315 2993 414 3051 Inone
438 2991 493 3054 sub
513 2993 612 3069 iugum
629 2989 729 3066 (emo-
758 2993 804 3073 pit
824 2996 1000 3072 seu¹gnudet
1023 2997 1053 3056 in
1075 3003 1184 3073 putem
1200 2991 1265 3052 lou·

226 3077 287 3152 ris)
305 3077 406 3148 misso,
423 3076 546 3137 invidiae
557 3087 588 3132 et
597 3071 730 3134 acerbite-
761 3079 804 3136 dis
828 3089 894 3139 tune
923 3083 1035 3154 venire„
1056 3079 1092 3142 Vr
1120 3079 1196 3140 Serv.
1223 3079 1264 3140 ad

227 3161 265 3220 tis
282 3159 452 3241 plenissime.
471 3163 533 3222 Su.
551 3161 597 3236 (Η.
612 3161 730 3236 Argum·
759 3163 839 3240 Virg.
857 3163 960 3242 Georg.
983 3165 1012 3220 L.
1022 3163 1047 3222 L
1072 3181 1113 3224 vs.
1127 3169 1167 3221 ro.
1200 3161 1261 3222 lu-

225 3247 252 3324 §.
263 3267 296 3318 ς,
314 3252 339 3304 8.
758 3251 819 3307 ‘rior
836 3267 901 3306 eum
918 3250 960 3308 sit·
976 3247 1047 3306 hoec
1067 3245 1147 3308 verbi
1171 3245 1262 3326 sigui*

262 3338 306 3405 9⁸·
335 3333 452 3412 Quaqroe
471 3340 524 3390 etc.
557 3331 666 3388 Eodem
682 3347 729 3388 re-
762 3331 1054 3405 licatio,1unlocum
1076 3332 1161 3390 Loers
1179 3332 1209 3392 in
1230 3335 1260 3392 d.

228 3414 344 3485 medio,
376 3435 434 3492 quo
456 3415 558 3476 feritati
584 3426 730 3476 taurorum
761 3435 834 3495 spec
852 3416 945 3494 legere
968 3435 999 3476 se
1012 3417 1095 3494 facit
1115 3419 1262 3492 adscribi,

226 3499 425 3578 serpentisque
447 3501 597 3562 violentiae
617 3497 730 3560 obviem
762 3515 795 3560 ut
813 3502 869 3575 sit,
887 3503 949 3579 ipso
970 3499 1145 3577 explicante,
1176 3503 1262 3580 «ipsc

213 3579 300 3656 ivit,
318 3594 401 3642 tuum
418 3606 533 3664 quoque
553 3587 680 3643 animum
697 3602 730 3639 e*
761 3589 868 3646 crimen
877 3597 980 3665 patrat,
988 3595 1021 3642 ut
1029 3602 1150 3657 rermnu
1161 3587 1262 3644 marito

230 3669 371 3742 mollivit,
388 3681 418 3728 ct
436 3673 467 3730 iu
486 3691 537 3730 suo
557 3681 624 3731 rota
641 3668 730 3728 flurin
763 3683 792 3730 et
810 3669 973 3751 proceribus
996 3679 1135 3746 gestarum
1150 3681 1260 3748 purtem

227 3747 286 3813 Per
304 3775 383 3835 opem
411 3757 487 3814 uude
509 3755 630 3834 positum
648 3753 730 3812 intel·
761 3757 816 3818 sihi
833 3757 971 3832 arroget”
997 3755 1114 3812 Crimen
1138 3753 1262 3814 enimsi

226 3839 364 3916 ligimus
383 3841 507 3899 medicae
524 3839 659 3898 auxilium
679 3857 730 3896 su·
762 3842 911 3921 objicitur,
928 3841 1049 3916 ideoque
1067 3839 1194 3897 studiose
1211 3839 1263 3896 ali«

229 3941 282 4000 pra
308 3927 481 3992 ostendimus
506 3925 543 3988 ad
566 3925 616 4005 Ep.
629 3925 665 3990 V·
689 3940 730 3990 ti·
762 3928 831 4004 quid
842 3946 926 4004 ogere
938 3926 1004 3984 mali
1017 3923 1107 3982 dehet
1118 3921 1261 3980 hunclect

231 4012 288 4079 ¹47·
306 4007 369 4086 ὅθι,
761 4011 955 4080 firnatsscntl·
974 4011 1133 4074 schrcut.
1146 4007 1265 4072 Phorm«
