2802 4838
259 335 300 404 sa
473 321 1071 418 nrrsrosazsrcuuou·
1150 291 1153 298 ’

144 595 148 602 “
262 547 291 658 ι’
366 597 640 687 suranus
666 615 1174 690 nnuorrroourrs
1205 649 1208 656 -

552 845 984 939 arcuncuruu

295 1055 320 1134 ς.
343 1075 365 1122 ι,
394 1055 582 1136 Demophoon
605 1053 712 1115 Thesei
732 1063 762 1113 et
782 1047 930 1114 l’haedr'ae'
937 1092 946 1122 ,
961 1042 1036 1111 tiliae
1051 1053 1154 1114 trinnis
1168 1056 1294 1116 Creten‘

262 1139 335 1200 sium
351 1141 440 1218 regis,
462 1137 556 1211 lilius,
576 1139 756 1198 Atheniensis
772 1159 788 1196 a
805 1135 881 1194 hello
902 1137 1026 1212 Trojano
1046 1131 1076 1193 in
1094 1138 1214 1215 patriam
1236 1157 1288 1197 re-

261 1223 357 1295 diens,
374 1221 458 1282 maris
470 1223 683 1302 tempestatibus
699 1224 728 1280 in
742 1219 891 1278 Thraciam
905 1217 1014 1276 delatus
1028 1231 1082 1290 est,
1102 1221 1150 1278 ubi
1166 1222 1195 1278 in
1212 1221 1290 1281 Edo·

260 1307 304 1365 nis
324 1319 384 1365 tum
408 1299 531 1383 Phyllis,
549 1307 717 1387 pulcerrima
737 1305 860 1365 Sithonis
877 1303 1019 1378 iunioris,
1038 1304 1174 1362 Thraciae
1187 1305 1287 1384 Regis,

263 1388 338 1460 filia,
357 1409 477 1466 regnum
496 1389 619 1448 tenebat.

226 1509 228 1514 ·
298 1476 318 1548 §.
337 1495 361 1532 a·
394 1473 469 1531 Haec
489 1473 554 1530 eum
569 1471 690 1551 henigne
706 1471 831 1550 hospitio
852 1471 975 1549 excepit,
992 1483 1022 1529 et
1036 1470 1111 1530 illius
1129 1491 1224 1531 amore
1242 1490 1291 1531 ca·

182 1625 185 1636 .
261 1569 312 1640 pta
325 1557 454 1616 omnihus
471 1551 561 1614 modis
576 1558 715 1616 adducere
733 1557 869 1630 tentavit,
887 1566 920 1614 ut
938 1574 968 1612 se
985 1573 1102 1614 uxorem
1118 1553 1243 1614 duceret.
1310 1582 1319 1593 ·

298 1645 361 1717 §.h
385 1642 501 1698 Interim
518 1637 722 1720 Demophoon,
742 1640 837 1698 audita
862 1639 1002 1697 Mnesthei
1021 1640 1051 1696 in
1070 1641 1165 1698 reditu
1183 1661 1199 1698 a
1214 1643 1294 1698 Tro·

260 1727 291 1802 ja
308 1735 416 1797 morte,
435 1724 484 1800 qui
506 1736 571 1804 post
588 1727 709 1800 ejectum
733 1743 768 1780 ex
787 1722 857 1780 urbe
880 1723 1057 1780 Athenarum
1079 1723 1223 1782 Theseum
1240 1723 1295 1780 im-

260 1807 373 1887 perium
396 1817 597 1884 occupaverat,
619 1803 769 1867 Mnestheo
792 1824 966 1864 successurus
989 1807 1071 1882 petiit
1095 1805 1240 1879 Athenas,
1258 1813 1294 1862 ut

263 1886 309 1950 res
330 1893 361 1949 in
385 1911 437 1948 suo
458 1909 546 1966 regno
563 1889 688 1948 turbatas
715 1901 914 1968 componeret,
931 1890 1055 1966 Phyllidi
1077 1887 1134 1948 lide
1155 1891 1236 1962 data,
1259 1907 1296 1946 so

261 1985 340 2034 certo
360 1973 426 2046 die,
443 1974 517 2032 intra
538 1985 661 2050 quatuor
679 1991 789 2028 meuses
807 1972 844 2029 ad
862 1975 923 2050 ejus
942 1975 1054 2050 nuptias
1071 1973 1239 2032 rediturum.

299 2061 322 2134 ς.
342 2065 367 2127 l.
402 2059 458 2116 Scd
481 2057 587 2115 multae
608 2075 654 2114 res
675 2051 761 2134 hujus
784 2049 907 2114 reditum
931 2055 1156 2120 retardaverunt.
1193 2057 1298 2133 Itaque

262 2133 385 2220 Phyllis,
410 2141 474 2200 totis
499 2147 620 2218 quatuor
643 2140 787 2197 mensibus
812 2139 1030 2218 praeterlapsis,
1056 2151 1218 2218 statutoque
1247 2137 1316 2196 die·

213 2289 217 2297 Α
262 2225 435 2306 praeterito,
464 2221 677 2302 Demophoonti
705 2221 778 2280 hanc
808 2223 957 2302 epistolam
986 2223 1096 2300 scripsit
1122 2224 1170 2283 vel
1199 2223 1300 2301 potius

264 2311 404 2388 scripsisse
424 2307 559 2386 fingitur,
576 2307 605 2362 iu
629 2323 686 2383 qua
708 2305 928 2383 ingratissimum
947 2308 974 2364 ei
996 2305 1178 2366 vehementer
1196 2325 1301 2386 expro-

264 2392 329 2472 bpat
344 2393 486 2462 animum,
505 2401 552 2464 et,
571 2399 603 2446 ut
620 2390 765 2468 promissis
782 2389 949 2467 satisfaciat,
966 2391 1044 2448 omni
1058 2393 1166 2448 ratione
1186 2389 1301 2449 suadet.

302 2483 327 2556 ς.
345 2482 373 2534 5.
406 2476 536 2534 Tandem
556 2489 651 2532 morae
668 2474 809 2552 inpatiens
831 2473 891 2552 ipsa
910 2475 1012 2552 laqueo
1030 2493 1080 2532 usa
1094 2491 1155 2532 sese
1179 2491 1302 2551 suspen-

266 2561 329 2636 dit,
352 2571 475 2619 attamen
489 2569 555 2638 post
577 2557 664 2635 hujus
681 2573 780 2612 necem
801 2559 1000 2617 in'Tbraciam
1025 2575 1154 2618 reversus
1176 2569 1219 2614 est
1237 2557 1302 2614 De-

265 2646 428 2724 mophoon,
447 2661 566 2719 eamque
588 2641 618 2698 in
640 2639 770 2698 arborem
795 2641 966 2718 amigdalum
983 2641 1043 2700 siue
1067 2641 1140 2700 soliis
1160 2650 1302 2698 mutatam

267 2729 413 2808 amplexus
431 2745 492 2784 esse
513 2725 632 2797 cicitur,
649 2743 707 2802 quo
729 2725 816 2796 lacto,
835 2725 876 2782 uti
898 2738 995 2783 namot
1018 2723 1131 2784 Servius
1151 2724 1189 2782 ad
1212 2723 1302 2802 Virg.

268 2813 326 2874 Ecl.
341 2813 379 2873 V.
396 2829 436 2869 vs.
451 2830 496 2878 ro,
514 2820 651 2878 truncus,
676 2808 765 2866 veluti
784 2809 880 2886 sponsi
900 2810 1024 2868 reditum
1042 2809 1188 2882 sentiens,
1204 2809 1303 2868 statim

269 2895 362 2972 emisit
377 2894 454 2952 solia.
473 2893 500 2956 J.
513 2889 621 2948 Meursi
637 2889 767 2966 Regnum
785 2893 911 2950 Atticum
932 2895 962 2952 L.
974 2900 1026 2952 tlt.
1044 2913 1070 2951 c·
1084 2915 1111 2966 7.
1284 2905 1286 2912 '

303 2981 381 3036 llaec
400 2995 468 3038 vero
489 2973 583 3032 sabula
602 2971 639 3032 ad
655 2993 689 3032 ea
708 2985 751 3032 est
769 2975 934 3049 reserenda,
953 2975 1169 3057 quae'primum
1191 2975 1305 3036 bellum

268 3065 425 3141 Troianum
444 3069 538 3116 secuta
557 3067 642 3129 sunt,
667 3077 724 3134 quo
748 3059 864 3134 quidem
878 3061 908 3118 in
923 3061 1017 3133 hello,
1036 3061 1106 3120 urhe
1125 3072 1305 3140 expugnata,

271 3148 492 3215 Laomedontem
508 3161 602 3217 regem
617 3145 692 3218 oepit
709 3141 857 3212 Hercules,
876 3145 981 3203 Thesei
994 3147 1110 3224 ejusque
1127 3143 1179 3202 lilii
1191 3145 1306 3202 'Demo-

270 3233 405 3318 phoontis
423 3227 558 3307 aequalis·
581 3227 619 3288 V.
636 3223 755 3285 Sabinus
777 3227 807 3286 in
826 3227 962 3308 llespnns.
979 3229 1031 3308 Ep.
1043 3236 1078 3289 11.
1095 3249 1136 3290 rs·
1149 3249 1189 3287 ro·

273 3475 487 3588 Horma,
509 3477 757 3595 Demopholiri,
782 3517 908 3586 tuate,
930 3501 1136 3592 Rhodopeia
1151 3499 1310 3594 Phyllis,

337 3606 437 3676 Ultra
453 3609 658 3698 promissum
680 3623 813 3698 tempus
834 3606 950 3673 abesse
973 3633 1111 3700 queror.

309 3813 363 3876 Vs.
380 3832 405 3872 r.
430 3812 562 3888 Hospita.
582 3811 678 3882 Quae,
696 3809 778 3866 tein-
806 3821 916 3870 ctuses.
928 3813 967 3874 V.
979 3815 1099 3890 Argium.
1118 3819 1145 3890 ς.
1164 3837 1188 3876 t.
1206 3815 1235 3872 h.
1252 3813 1311 3892 Ep.

277 3898 390 3974 dignm,
406 3892 530 3972 hospitio
544 3891 657 3970 excepi,
674 3894 776 3969 cuique
806 3897 916 3974 Hospes
949 3908 979 3954 ct
1005 3898 1128 3977 Hospita
1160 3897 1313 3974 ambiguae

277 3999 345 4059 ergo
371 3977 467 4036 multis
489 3975 648 4036 nominibus
673 3975 777 4035 obstri·
807 3990 873 4038 sunt
886 3979 1109 4057 significationis,
1126 4003 1191 4044 mox
1204 3999 1257 4059 pto
1273 4001 1317 4040 eo
