2814 4824
299 325 371 438 ις’.
413 337 703 410 urserunt
746 331 1035 413 vtosstua
1065 341 1252 425 setus.

308 531 346 600 si
366 553 421 598 me
443 545 536 594 nnnc
558 523 694 606 videas,
716 518 819 592 visam
841 529 937 614 prius
957 551 1027 611 esse
1048 527 1207 614 uagam

371 638 458 706 Arte
480 657 546 702 nec
567 649 639 716 est,
663 629 777 715 dices,
800 629 864 696 ista
883 632 1033 723 petenda
1053 657 1152 705 meet

304 741 536 832 Promissique
551 739 685 826 iidem,
708 739 837 808 nasim
859 739 921 816 tihi
942 739 1079 829 juncta,
1101 745 1274 831 comittem

275 863 278 880 ¹
368 851 415 918 Et
436 849 552 940 cupies
572 845 660 914 'uliud
683 873 753 916 uon
774 849 963 918 meminisse
982 851 1099 919 Deum

303 955 461 1032 Forsitan
484 969 519 1022 et
539 953 661 1042 ficies,
684 959 796 1044 jurem
815 971 855 1024 ut
877 957 1046 1024 contraria
1067 981 1204 1027 ruma
1270 963 1333 1030 aad

367 1053 534 1154 Quaeque
555 1061 689 1153 legam,
710 1065 824 1131 mittes
847 1062 952 1131 altera
972 1067 1079 1132 verba
1098 1069 1193 1138 nihi.

305 1171 375 1243 Sed
398 1191 509 1240 tamen
532 1169 725 1264 adspiceres
746 1169 891 1258 vellem,
913 1189 1018 1266 prout
1038 1174 1112 1267 ipse
1132 1171 1289 1260 rogabas,

368 1283 413 1350 Et
434 1279 543 1347 discas
564 1299 708 1372 sponsae
727 1276 887 1366 languida
907 1281 1062 1348 membra
1081 1297 1168 1348 tuae.

192 1472 195 1478 Ι
301 1389 427 1458 Durius
450 1405 484 1454 et
505 1385 599 1452 serso
622 1409 698 1452 cum
720 1387 765 1452 sit
787 1388 851 1454 tibi
871 1403 1014 1479 pectus,
1036 1388 1182 1458 deontia

367 1499 423 1562 Tu
445 1495 579 1564 veniam
599 1493 723 1567 nostris
745 1492 883 1564 vocibus
904 1495 977 1586 ipsa
999 1511 1105 1584 petas.
1267 1499 1329 1568 230

300 1761 403 1831 viciis,
420 1759 489 1816 dum
510 1757 637 1836 convivia
656 1757 799 1816 celebrae.
831 1762 940 1834 jurem‚
965 1777 1011 1816 me
1029 1755 1110 1814 alteri
1128 1753 1222 1833 potius
1245 1773 1326 1830 quara

267 1871 270 1880 ’
299 1855 355 1904 tur.
394 1841 539 1900 Drakeuh.
582 1843 683 1914 Inter,
710 1843 802 1920 inquit
823 1842 951 1900 ¹Acontio
973 1855 1136 1918 nupturam.
1155 1836 1292 1896 aneuit

299 1925 413 1986 lichnis.
447 1927 478 1984 in
505 1925 590 1984 Dicto
619 1925 656 1982 ad
686 1927 800 1988 Terent
875 1945 932 1996 aa7.
964 1923 1019 1982 sed
1047 1935 1141 1983 mntem
1171 1925 1325 2000 πώρωσις

299 2009 426 2069 Eunucln
453 2011 516 2066 Act.
536 2009 585 2068 IV.
610 2029 646 2068 sc.
665 2031 688 2068 a.
718 2030 758 2069 vs.
772 2033 801 2082 1,
832 2011 932 2069 vellem.
961 2011 1113 2082 correctio.
1144 2007 1234 2086 Supra
1252 2007 1323 2064 cuim

298 2113 384 2173 saepe
413 2093 530 2152 denotat
555 2095 690 2170 temporis
714 2095 800 2152 dura·
831 2104 1135 2166 monuerat,nonesse
1148 2101 1323 2148 tantammo-

297 2179 424 2250 tionem,
441 2196 494 2256 per
515 2197 600 2253 quam
620 2175 731 2235 interim
749 2179 799 2236 alit
829 2197 909 2254 sam,
937 2197 987 2234 cur
1021 2195 1052 2234 se
1085 2193 1179 2233 eoram
1211 2175 1322 2236 aidan

297 2261 368 2340 quid
385 2259 470 2319 simul
486 2259 531 2318 fit.
828 2261 913 2318 Nune
928 2261 1003 2319 idern
1027 2271 1159 2328 motet,
1183 2269 1211 2320 et
1226 2269 1322 2338 aptat,

343 2346 594 2426 Argenti-quod
614 2356 721 2404 metrum
745 2357 797 2403 etc.
829 2355 862 2402 ut
893 2363 955 2402 sese
987 2343 1082 2403 videat
1123 2354 1154 2401 et
1193 2343 1323 2401 morbum

296 2431 314 2488 i
343 2449 366 2486 e.
401 2427 479 2486 color
514 2443 594 2486 meus
624 2429 722 2487 similia
755 2442 799 2487 est
829 2447 930 2490 suumt
948 2428 1009 2485 sore
1026 2429 1121 2502 euim,
1138 2439 1170 2485 nt
1186 2427 1244 2485 auis
1264 2427 1323 2504 ipse

296 2511 386 2572 colori
413 2532 544 2570 rasorum
576 2523 796 2588 argenteorum,
827 2511 975 2590 precihus,
1002 2513 1146 2592 Cydippen
1161 2512 1323 2583 nornine,a

294 2608 447 2678 postquam
462 2597 493 2652 in
508 2613 542 2654 ea
555 2595 684 2674 frigidam
695 2613 796 2672 aquarn
827 2597 890 2654 Dea
910 2615 995 2674 opem
1014 2597 1056 2662 iiii
1070 2607 1176 2676 poscat.
1194 2595 1293 2674 dliqll·

294 2681 442 2743 infuderis.
861 2685 958 2748 Pruut.
976 2682 1011 2739 V.
1023 2701 1078 2740 van
1090 2677 1319 2758 leunepadiai

291 2764 294 2774 “
333 2784 391 2824 aar.
422 2763 522 2822 Visam
534 2769 614 2842 prius
634 2781 694 2832 esse
712 2783 795 2845 nega·
871 2772 931 2822 aad.
959 2769 1001 2824 Et
1025 2767 1120 2824 draus
1142 2784 1197 2846 pro
1221 2781 1317 2836 stom

296 2847 338 2908 dis
356 2847 374 2904 i.
389 2865 413 2904 e.
438 2865 485 2904 me
502 2867 561 2904 non
581 2867 720 2925 agnosces.
826 2849 923 2922 durius
941 2849 1045 2907 dietum
1064 2848 1233 2926 pronunciat
1246 2845 1318 2904 oon

328 2951 387 2992 aee.
404 2935 642 3008 Arte-petenda
653 2951 715 2989 meo
727 2933 793 2990 dolo
824 2933 899 2992 Usus
917 2945 1012 2991 tamen
1028 2935 1129 2991 eodem
1147 2931 1233 2991 verbo
1249 2933 1318 2998 dieta

294 3033 326 3073 ac
348 3013 454 3072 fallacia
478 3013 548 3078 mihi
570 3017 739 3094 quaerenda.
756 3017 792 3076 V.
824 3016 1023 3093 significatione
1035 3015 1111 3073 Pior.
1123 3016 1154 3074 in
1163 3015 1317 3092 praetia.

292 3099 560 3182 suptaedvs.129.
722 3105 724 3112 '
823 3101 872 3158 Sil.
892 3101 952 3158 Itai
978 3102 1007 3158 1..
1022 3101 1087 3158 xli.
1111 3119 1152 3159 vs.
1166 3105 1224 3157 sea.
1249 3100 1318 3171 lirn-

335 3187 407 3242 Ista.
438 3181 671 3242 Demonstrative.
713 3186 792 3258 Qua·
822 3185 908 3241 kenb.
943 3185 1048 3240 Eadem
1068 3182 1184 3242 notione
1203 3201 1319 3258 usurpa·

287 3265 348 3326 lem
370 3287 400 3324 se
417 3266 479 3346 ipsa
504 3265 633 3346 Cydippe
654 3265 791 3326 describit.
822 3269 862 3328 n't
881 3269 1001 3328 verbum
1022 3267 1121 3342 Virgii
1140 3269 1213 3324 Aen.
1231 3263 1317 3325 nvi.

329 3359 389 3410 aas.
411 3353 602 3432 Promissique
609 3352 735 3428 -fidcm
748 3371 792 3410 re·
822 3371 862 3410 ts.
874 3355 932 3420 7⁵5.

291 3435 390 3500 mittes.
407 3433 609 3508 condonabis,
625 3437 707 3496 iacies
726 3457 790 3520 gra·
859 3437 1099 3511 Sponsae-tuae.
1117 3433 1272 3508 mitigatum
1288 3441 1319 3487 et

291 3524 360 3580 tiam
381 3519 449 3576 fidei
466 3519 624 3578 solvendae.
642 3519 789 3598 Metapho-
821 3519 851 3575 in
871 3519 1018 3575 Aeantium
1037 3539 1159 3594 pronum
1177 3517 1317 3594 Cydippe·

290 3627 322 3664 ra
352 3607 481 3662 desumto
510 3625 526 3660 a
556 3603 715 3675 creditore,
741 3607 790 3680 qui
821 3601 951 3664 observes
970 3605 1094 3658 animum
1116 3603 1255 3675 sotejam
1274 3600 1317 3652 Δρ

290 3689 384 3748 debita
403 3688 521 3745 remittit
537 3685 665 3746 debitori.
682 3687 758 3746 oud
788 3719 791 3726 ,
820 3687 906 3746 contii
924 3705 1055 3764 sponsam
1070 3683 1237 3762 profitentis.

324 3780 383 3850 aod.
413 3777 453 3832 Et
478 3771 570 3852 cupies
596 3771 686 3842 mad,
712 3773 790 3847 quod
827 3781 829 3786 “
857 3791 914 3848 2²9·
943 3775 1011 3828 Cum
1036 3773 1079 3828 sit.
1114 3765 1249 3842 Quamvis
1268 3766 1314 3822 sit.

289 3857 415 3940 promisi.
432 3859 469 3919 V.
487 3859 537 3935 Ep.
551 3857 617 3914 XX.
635 3875 676 3916 γε.
694 3876 753 3913 stt.
817 3855 855 3915 V.
883 3855 920 3914 ad
942 3857 992 3934 Ep.
1004 3855 1096 3911 xvss.
1122 3873 1214 3911 vsu.
1240 3852 1313 3908 oud

325 3951 383 4002 aa6.
412 3948 543 4022 Quaeque
559 3943 647 4022 legam
667 3950 717 3997 ete
749 3943 789 3994 A·-
820 3955 888 4001 oum'
902 3962 954 4018 pro
969 3944 1094 4020 quumvis
1119 3937 1216 3996 durius
1232 3936 1316 4020 scrip-

289 4027 359 4090 lium
373 4027 474 4084 iterum
492 4025 589 4084 dolum
609 4023 714 4100 finges,
733 4043 788 4100 quo
822 4037 881 4083 tum
902 4026 1075 4106 pronunciat.
1287 4025 1289 4032 '
