2760 4822
249 407 307 490 ,ω
444 389 791 502 vepistota
830 387 1138 482 Quassu-

376 659 729 778 'Puaenua
769 696 1167 771 nrreorrro.

567 978 1096 1071 assensurum..

308 1180 333 1254 ς.
352 1197 381 1235 r.·
410 1169 524 1252 Jupiter
538 1185 574 1232 ‘ex
590 1173 724 1248 Europa,
743 1167 901 1246 Agenoris,
918 1165 998 1248 Tyrii
1015 1165 1117 1250 Regis,
1134 1168 1211 1243 fllia,
1227 1185 1310 1246 quern

269 1264 301 1320 in
329 1274 443 1318 taurum
472 1259 623 1316 candidum
649 1266 678 1310 et
708 1253 927 1330 placidissimum
958 1274 1110 1314 conversus
1138 1255 1166 1311 in
1195 1256 1310 1312 Cretam

271 1343 476 1414 transtulerat,
502 1343 653 1411 Minoem,
676 1335 905 1408 Rhadamantum
922 1350 954 1396 et
982 1339 1173 1418 Sarpedonem
1199 1341 1315 1416 genuit?

265 1413 375 1488 ¹deinde
393 1425 543 1497 Asterius,
562 1417 716 1482 Theutami
732 1419 809 1480 fitius
817 1465 826 1492 ,
847 1425 897 1500 qui
910 1423 1018 1482 insulae
1034 1423 1205 1504 imperabat,
1223 1423 1312 1481 suro-

269 1533 339 1592 pam
355 1531 473 1570 uxorem
491 1510 589 1580 duxit,
608 1520 653 1580 et,
671 1527 736 1566 cum
756 1507 853 1566 liberis
875 1521 997 1580 careret,
1016 1507 1079 1564 illos
1096 1508 1250 1586 adoptavit.

307 1599 333 1672 ς.
352 1617 378 1653 n.
414 1597 524 1666 Minos,
549 1593 653 1652 Cretae
679 1611 767 1668 regno
790 1592 1252 1670 accepto,quod1thadameutus
1274 1589 1316 1645 le·

215 1743 218 1752 Ι
271 1677 355 1757 gibus
368 1677 551 1748 firmaverat,
566 1677 685 1747 Itonen,
706 1676 792 1754 Lystii
809 1675 917 1744 filiam,
941 1676 1121 1734 matrimonio
1134 1674 1187 1742 sibi
1204 1675 1317 1750 junxit,

256 1753 309 1820 'ex
330 1785 387 1839 qua
406 1763 533 1820 Minoem
552 1761 694 1838 juniorem
717 1759 846 1834 sustulit,
864 1778 950 1836 quem
971 1759 1104 1818 nonnuili
1129 1759 1208 1818 toris
1230 1757 1319 1816 titium

160 1873 163 1880 ·
273 1846 479 1904 existimarunt
514 1847 567 1903 Hie
585 1847 759 1904 Graecorum
781 1843 891 1922 primus
915 1843 1001 1901 fuisse
1020 1844 1142 1916 dicitur,
1158 1843 1209 1920 qui
1219 1883 1231 1914 ,
1249 1842 1320 1900 clus·

263 1939 304 1990 'se
324 1941 505 2008 comparata,
523 1929 609 1988 maris
627 1927 682 1986 sihi
700 1923 855 1990 vindicaret
873 1930 1031 2006 imperium.

307 2017 334 2090 §0
351 2023 378 2075 3.
414 2013 526 2071 Ju'niori
556 2013 623 2072 huic
646 2009 738 2074 Mino‘t
760 2007 862 2070 'nubsit
883 2013 1044 2090 Pasiphae,
1068 2012 1141 2072 solta
1168 2021 1199 2068 et
1222 2011 1322 2068 Cretes

263 2095 352 2168 'fili-a,
370 2117 443 2174 quae
466 2097 689 2166 Deucalionem,
709 2097 866 2168 Causam,
889 2099 1097 2176 Androgeum,
1125 2098 1274 2156 Ariadnen
1294 2106 1323 2154 et

272 2181 434 2240 Phaedram
452 2179 494 2240 itti
518 2182 639 2259 peperit.

309 2268 333 2338 5.
352 2272 376 2334 4.
411 2265 534 2342 Propter
560 2263 745 2340 Androgeum
765 2261 965 2336 intersectum,
983 2273 1013 2322 et
1029 2264 1176 2324 Ariadnen
1202 2286 1220 2322 a
1244 2263 1327 2320 The.

264 2341 324 2406 ⁸seu
337 2347 367 2403 in
388 2347 480 2404 insula
499 2347 580 2405 Naro
598 2347 741 2417 relictam,
760 2347 918 2426 inimicitias
935 2348 1010 2405 inter
1030 2351 1157 2408 Minoem
1177 2351 1325 2408 «iuniorem

275 2443 306 2488 et
317 2433 446 2508 Aegeum
460 2443 488 2488 et
505 2429 861 2504 Theseurn,Athenarum
877 2433 969 2508 Reges
983 2432 1087 2504 fuisse,
1108 2455 1144 2492 ex
1163 2453 1204 2492 vs.
1215 2439 1259 2508 69.
1276 2434 1330 2508 Ep,

268 2527 313 2597 ¹11¹
330 2514 463 2573 vidimus.
498 2515 560 2572 Hae
578 2534 664 2587 vero,
682 2515 778 2572 Minoe
799 2527 931 2596 mortuo,
950 2517 1109 2596 desierunt,
1127 2530 1157 2576 et
1168 2517 1329 2576 Deucalion

275 2596 365 2678 patris
388 2595 418 2654 in
437 2617 555 2674 regnum
574 2618 731 2670 successor,
751 2601 884 2656 societate
906 2619 968 2676 eum
1000 2600 1224 2660 Atheniensibus
1247 2602 1331 2678 juno·

266 2677 326 2754 ta,
346 2701 473 2740 sororem
490 2681 651 2740 Phaedram
673 2683 786 2742 Theseo
804 2685 835 2742 in
854 2685 1066 2742 matrimonium
1087 2687 1175 2746 dedit.

270 2833 275 2847 ι
313 2769 336 2840 5.
356 2771 379 2824 5.
416 2765 473 2822 Sed
492 2764 621 2822 Theseus
639 2786 673 2824 ex
693 2768 782 2848 priori
793 2788 859 2826 erun
877 2771 1050 2846 Hippolyte,
1070 2773 1253 2828 Amazonum
1274 2768 1334 2830 Rc·

278 2848 364 2926 gina,
393 2847 651 2924 matrissantes.
677 2863 735 2911 not
764 2853 800 2910 ad
829 2873 870 2912 vs.
888 2855 1067 2930 72.Ep.11)
1088 2854 1180 2915 filiurn
1206 2853 1335 2920 hahebat

269 2929 485 3008 Hippolytum,
506 2952 611 3008 quem,
631 2954 668 2992 ue
684 2935 799 3006 liberis,
815 2957 946 3014 quos-ex*
963 2936 1093 2996 Phaedra
1116 2938 1190 2996 sorte
1213 2958 1335 3016 suseep-

278 3025 361 3071 turus
388 3025 489 3090 esset,
501 3017 667 3093 inperaret,
692 3041 765 3080 neve
787 3019 829 3078 itti
849 3020 880 3078 in
900 3023 978 3080 hunc
1001 3021 1152 3098 imperium
1173 3023 1337 3098 aliquando

268 3096 462 3170 'exercerent,
481 3101 665 3175 i'roezenen,
682 3105 825 3184 Argolidis
845 3105 1021 3183 urbem„ad
1042 3103 1181 3164 Aethram
1208 3121 1336 3164 matrem

279 3182 436 3324 abssegavib
455 3193 487 3242 ut
502 3185 630 3262 Pittheo,
649 3191 806 3248 Troezenio
825 3191 905 3268 regi,
921 3189 1046 3249 Aethrae
1064 3189 1157 3269 patri}
1176 3191 1253 3252 olim
1270 3211 1338 3250 suc·

279 3275 311 3326 e'c
335 3278 404 3326 eret.
894 3296 897 3304 ¹
1117 3305 1119 3314 ι

315 3353 368 3410 Hic
386 3371 455 3408 suae
480 3353 578 3410 aetatis
605 3369 739 3414 rexerat
766 3369 796 3415 et
820 3362 946 3437 optimus
965 3371 995 3416 et
1017 3355 1265 3436 sapientissimus,
1290 3355 1343 3436 qui

280 3453 341 3493 non
361 3437 517 3513 praeceptis
529 3437 621 3496 solum
635 3435 686 3496 sed
706 3453 735 3497 et
756 3463 809 3500 suo
828 3445 916 3522 ipsius
936 3443 1282 3520 exemplo-Hippolytum
1302 3443 1344 3498 ita
1366 3477 1367 3482 κ

280 3517 422 3590 erudivit,
449 3531 481 3574 ut
496 3525 565 3592 recti
583 3521 752 3600 honestique
770 3547 867 3584 eruore
889 3527 989 3584 ductus
1013 3547 1030 3582 a
1049 3526 1249 3602 voluptatibus
1276 3545 1344 3582 orn-

281 3601 421 3679 nibusque
438 3604 519 3661 malis
537 3607 646 3664 artibus
664 3607 844 3682 abhorreret,
862 3611 985 3671 venandi
1001 3609 1209 3688 equitandique
1227 3610 1348 3680 studio,

280 3687 410 3765 principe
429 3707 552 3764 persona
574 3689 754 3766 dignissimo,
776 3697 897 3751 manime
916 3693 1036 3750 deditus.

318 3775 343 3846 ἓ.
363 3777 387 3830 6.
423 3771 464 3827 At
474 3771 621 3842 Phaedra,
640 3773 767 3851 perditae
786 3775 910 3834 lihidinis
926 3779 1049 3847 seruies,
1068 3794 1132 3832 orm
1143 3775 1349 3854 Hippolytum

281 3850 313 3908 in
335 3854 419 3912 sacris
448 3855 562 3912 Cereris
589 3859 641 3929 (ef.
662 3871 719 3917 not.
749 3859 786 3918 ad
803 3881 841 3919 vs.
855 3867 897 3929 da.
922 3863 975 3938 Ep.
990 3863 1048 3937 tt.)
1075 3860 1191 3929 Eleusi,
1223 3861 1351 3920 civitate

282 3936 398 4006 Attica,
417 3937 549 4010 vidisset,
580 3943 619 3996 ito
642 3943 671 4012 ip
695 3943 770 4001 illius
792 3965 918 4002 eruorem
942 3946 1064 4015 exarsit,
1090 3955 1122 4001 ut
1140 3945 1280 4004 Athenas
1299 3967 1354 4002 re·

284 4019 344 4078 dux
367 4023 505 4100 templum
528 4023 558 4080 iu
582 4045 645 4083 arce
668 4027 810 4105 erigeret,
840 4029 916 4088 unde
940 4032 1106 4088 Troezenen
1136 4031 1357 4108 prospiceret,
