<?xml version="1.0" encoding="UTF-8"?>
<!DOCTYPE html PUBLIC "-//W3C//DTD XHTML 1.0 Transitional//EN"
    "http://www.w3.org/TR/xhtml1/DTD/xhtml1-transitional.dtd">
<html xmlns="http://www.w3.org/1999/xhtml" xml:lang="en" lang="en">
 <head>
  <title>
</title>
<meta http-equiv="Content-Type" content="text/html;charset=utf-8" />
  <meta name='ocr-system' content='tesseract 3.04.00' />
  <meta name='ocr-capabilities' content='ocr_page ocr_carea ocr_par ocr_line ocrx_word'/>
</head>
<body>
  <div class='ocr_page' id='page_1' title='image "./povidiinasonish00terpgoog_0133.png"; bbox 0 0 2894 4822; ppageno 0'>
   <div class='ocr_carea' id='block_1_1' title="bbox 269 379 1191 474">
    <p class='ocr_par' dir='ltr' id='par_1_1' title="bbox 269 379 1191 474">
     <span class='ocr_line' id='line_1_1' title="bbox 269 379 1191 474; baseline -0.01 -10"><span class='ocrx_word' id='word_1_1' title='bbox 269 451 277 464; x_wconf 92' lang='lat'>.</span> <span class='ocrx_word' id='word_1_2' title='bbox 319 379 614 460; x_wconf 69' lang='lat' dir='ltr'><strong>PH’A&#39;EDRA</strong></span> <span class='ocrx_word' id='word_1_3' title='bbox 654 379 1032 456; x_wconf 66' lang='lat' dir='ltr'><strong>aureonno,</strong></span> <span class='ocrx_word' id='word_1_4' title='bbox 1120 399 1191 474; x_wconf 71' lang='lat' dir='ltr'><strong>rupa</strong></span> 
     </span>
    </p>
   </div>
   <div class='ocr_carea' id='block_1_2' title="bbox 150 567 1193 1426">
    <p class='ocr_par' dir='ltr' id='par_1_2' title="bbox 150 567 1190 768">
     <span class='ocr_line' id='line_1_2' title="bbox 150 567 1190 666; baseline -0.01 -17"><span class='ocrx_word' id='word_1_5' title='bbox 150 576 239 656; x_wconf 85' lang='lat' dir='ltr'><strong>Non</strong></span> <span class='ocrx_word' id='word_1_6' title='bbox 260 576 324 646; x_wconf 82' lang='lat' dir='ltr'><strong>tibi</strong></span> <span class='ocrx_word' id='word_1_7' title='bbox 344 595 409 666; x_wconf 83' lang='lat' dir='ltr'><strong>per</strong></span> <span class='ocrx_word' id='word_1_8' title='bbox 430 569 587 644; x_wconf 73' lang='lat' dir='ltr'><strong>tenebras</strong></span> <span class='ocrx_word' id='word_1_9' title='bbox 609 567 747 636; x_wconf 73' lang='lat' dir='ltr'><strong>debitur</strong></span> <span class='ocrx_word' id='word_1_10' title='bbox 767 568 1079 638; x_wconf 73' lang='lat' dir='ltr'><strong>reserandamariti</strong></span> <span class='ocrx_word' id='word_1_11' title='bbox 1188 633 1190 638; x_wconf 93' lang='lat'><em>.</em></span> 
     </span>
     <span class='ocr_line' id='line_1_3' title="bbox 219 675 1042 768; baseline -0.022 -8"><span class='ocrx_word' id='word_1_12' title='bbox 219 691 349 760; x_wconf 73' lang='lat' dir='ltr'><strong>Januar</strong></span> <span class='ocrx_word' id='word_1_13' title='bbox 373 705 444 754; x_wconf 87' lang='lat' dir='ltr'><strong>non</strong></span> <span class='ocrx_word' id='word_1_14' title='bbox 467 697 577 752; x_wconf 76' lang='lat' dir='ltr'><strong>eustos</strong></span> <span class='ocrx_word' id='word_1_15' title='bbox 600 675 824 768; x_wconf 72' lang='lat' dir='ltr'><strong>decipiendus</strong></span> <span class='ocrx_word' id='word_1_16' title='bbox 847 678 923 746; x_wconf 85' lang='lat' dir='ltr'><strong>erit.</strong></span> <span class='ocrx_word' id='word_1_17' title='bbox 960 702 965 710; x_wconf 95' lang='lat'><em>·</em></span> <span class='ocrx_word' id='word_1_18' title='bbox 1038 691 1042 708; x_wconf 90' lang='lat'><em>·</em></span> 
     </span>
    </p>

    <p class='ocr_par' dir='ltr' id='par_1_3' title="bbox 151 784 1189 1200">
     <span class='ocr_line' id='line_1_4' title="bbox 151 784 1189 872; baseline -0.015 -6"><span class='ocrx_word' id='word_1_19' title='bbox 151 801 208 872; x_wconf 89' lang='lat' dir='ltr'><strong>Ut</strong></span> <span class='ocrx_word' id='word_1_20' title='bbox 228 796 340 864; x_wconf 88' lang='lat' dir='ltr'><strong>tenuit</strong></span> <span class='ocrx_word' id='word_1_21' title='bbox 355 791 479 864; x_wconf 75' lang='lat' dir='ltr'><strong>donus</strong></span> <span class='ocrx_word' id='word_1_22' title='bbox 499 811 569 860; x_wconf 84' lang='lat' dir='ltr'><strong>nne</strong></span> <span class='ocrx_word' id='word_1_23' title='bbox 588 785 694 872; x_wconf 77' lang='lat' dir='ltr'><strong>duos,</strong></span> <span class='ocrx_word' id='word_1_24' title='bbox 716 784 836 854; x_wconf 81' lang='lat' dir='ltr'><strong>domus</strong></span> <span class='ocrx_word' id='word_1_25' title='bbox 857 793 925 870; x_wconf 74' lang='lat' dir='ltr'><strong>una</strong></span> <span class='ocrx_word' id='word_1_26' title='bbox 946 787 1088 862; x_wconf 83' lang='lat' dir='ltr'><strong>tenebit.</strong></span> <span class='ocrx_word' id='word_1_27' title='bbox 1183 787 1189 796; x_wconf 84' lang='lat'><em>&#39;</em></span> 
     </span>
     <span class='ocr_line' id='line_1_5' title="bbox 220 891 1095 990; baseline -0.024 -15"><span class='ocrx_word' id='word_1_28' title='bbox 220 902 348 976; x_wconf 82' lang='lat' dir='ltr'><strong>Oscula</strong></span> <span class='ocrx_word' id='word_1_29' title='bbox 368 914 484 990; x_wconf 79' lang='lat' dir='ltr'><strong>aperta</strong></span> <span class='ocrx_word' id='word_1_30' title='bbox 504 895 608 962; x_wconf 79' lang='lat' dir='ltr'><strong>dabas</strong></span> <span class='ocrx_word' id='word_1_31' title='bbox 622 891 768 962; x_wconf 71' lang='lat' dir='ltr'><strong>eoreub</strong></span> <span class='ocrx_word' id='word_1_32' title='bbox 783 911 907 983; x_wconf 84' lang='lat' dir='ltr'><strong>:aperta</strong></span> <span class='ocrx_word' id='word_1_33' title='bbox 928 891 1035 960; x_wconf 86' lang='lat' dir='ltr'><strong>dabis.</strong></span> <span class='ocrx_word' id='word_1_34' title='bbox 1092 947 1095 954; x_wconf 94' lang='grc'><em>,</em></span> 
     </span>
     <span class='ocr_line' id='line_1_6' title="bbox 154 997 1189 1094; baseline -0.017 -8"><span class='ocrx_word' id='word_1_35' title='bbox 154 1017 269 1086; x_wconf 85' lang='lat' dir='ltr'><strong>Tutus</strong></span> <span class='ocrx_word' id='word_1_36' title='bbox 290 1012 355 1080; x_wconf 86' lang='lat' dir='ltr'><strong>eris</strong></span> <span class='ocrx_word' id='word_1_37' title='bbox 375 1027 526 1088; x_wconf 86' lang='lat' dir='ltr'><strong>meeum,</strong></span> <span class='ocrx_word' id='word_1_38' title='bbox 547 999 751 1094; x_wconf 85' lang='lat' dir='ltr'><strong>laudemque</strong></span> <span class='ocrx_word' id='word_1_39' title='bbox 770 1004 945 1070; x_wconf 77' lang='lat' dir='ltr'><strong>merebere</strong></span> <span class='ocrx_word' id='word_1_40' title='bbox 967 999 1088 1094; x_wconf 69' lang='lat' dir='ltr'><strong>eulpae</strong></span> <span class='ocrx_word' id='word_1_41' title='bbox 1121 997 1189 1068; x_wconf 74' lang='grc'><strong>145</strong></span> 
     </span>
     <span class='ocr_line' id='line_1_7' title="bbox 224 1111 1095 1200; baseline -0.023 -12"><span class='ocrx_word' id='word_1_42' title='bbox 224 1123 281 1188; x_wconf 85' lang='lat' dir='ltr'><strong>Ttr</strong></span> <span class='ocrx_word' id='word_1_43' title='bbox 299 1117 381 1186; x_wconf 79' lang='lat' dir='ltr'><strong>lieet</strong></span> <span class='ocrx_word' id='word_1_44' title='bbox 399 1115 440 1180; x_wconf 83' lang='lat' dir='ltr'><strong>in</strong></span> <span class='ocrx_word' id='word_1_45' title='bbox 460 1111 553 1178; x_wconf 80' lang='lat' dir='ltr'><strong>ieeto</strong></span> <span class='ocrx_word' id='word_1_46' title='bbox 572 1111 784 1200; x_wconf 75' lang='lat' dir='ltr'><strong>conspiciare</strong></span> <span class='ocrx_word' id='word_1_47' title='bbox 803 1133 899 1177; x_wconf 81' lang='lat' dir='ltr'><strong>meo..</strong></span> <span class='ocrx_word' id='word_1_48' title='bbox 976 1157 982 1168; x_wconf 94' lang='lat'><em>.</em></span> <span class='ocrx_word' id='word_1_49' title='bbox 1022 1158 1026 1168; x_wconf 94' lang='lat'>.</span> <span class='ocrx_word' id='word_1_50' title='bbox 1090 1159 1095 1168; x_wconf 93' lang='lat'><em>.</em></span> 
     </span>
    </p>

    <p class='ocr_par' dir='ltr' id='par_1_4' title="bbox 152 1216 1193 1426">
     <span class='ocr_line' id='line_1_8' title="bbox 152 1216 1126 1312; baseline -0.012 -14"><span class='ocrx_word' id='word_1_51' title='bbox 152 1227 257 1304; x_wconf 63' lang='lat' dir='ltr'><strong>Solle</strong></span> <span class='ocrx_word' id='word_1_52' title='bbox 277 1245 388 1292; x_wconf 84' lang='lat' dir='ltr'><strong>moras</strong></span> <span class='ocrx_word' id='word_1_53' title='bbox 410 1235 565 1298; x_wconf 85' lang='lat' dir='ltr'><strong>tantum,</strong></span> <span class='ocrx_word' id='word_1_54' title='bbox 584 1236 834 1312; x_wconf 81' lang='lat' dir='ltr'><strong>properataque</strong></span> <span class='ocrx_word' id='word_1_55' title='bbox 855 1216 992 1285; x_wconf 83' lang='lat' dir='ltr'>foedera</span> <span class='ocrx_word' id='word_1_56' title='bbox 1011 1220 1126 1306; x_wconf 84' lang='lat' dir='ltr'><strong>junge.</strong></span> 
     </span>
     <span class='ocr_line' id='line_1_9' title="bbox 219 1325 1193 1426; baseline -0.025 -22"><span class='ocrx_word' id='word_1_57' title='bbox 219 1335 293 1426; x_wconf 87' lang='lat' dir='ltr'><strong>Qui</strong></span> <span class='ocrx_word' id='word_1_58' title='bbox 310 1328 398 1400; x_wconf 69' lang='lat' dir='ltr'><strong>mibi</strong></span> <span class='ocrx_word' id='word_1_59' title='bbox 420 1345 504 1396; x_wconf 87' lang='lat' dir='ltr'><strong>tuno</strong></span> <span class='ocrx_word' id='word_1_60' title='bbox 524 1327 650 1413; x_wconf 73' lang='lat' dir='ltr'><strong>saevit,</strong></span> <span class='ocrx_word' id='word_1_61' title='bbox 668 1327 718 1392; x_wconf 82' lang='lat' dir='ltr'><strong>sie</strong></span> <span class='ocrx_word' id='word_1_62' title='bbox 736 1326 803 1392; x_wconf 84' lang='lat' dir='ltr'><strong>tibi</strong></span> <span class='ocrx_word' id='word_1_63' title='bbox 824 1343 944 1421; x_wconf 85' lang='lat' dir='ltr'><strong>parcat</strong></span> <span class='ocrx_word' id='word_1_64' title='bbox 962 1325 1081 1402; x_wconf 75' lang='lat' dir='ltr'><strong>Amor.</strong></span> <span class='ocrx_word' id='word_1_65' title='bbox 1185 1365 1193 1380; x_wconf 53' lang='lat' dir='ltr'><strong>t</strong></span> 
     </span>
    </p>
   </div>
   <div class='ocr_carea' id='block_1_3' title="bbox 80 1549 1205 4155">
    <p class='ocr_par' dir='ltr' id='par_1_5' title="bbox 151 1549 1192 2056">
     <span class='ocr_line' id='line_1_10' title="bbox 151 1549 1189 1632; baseline -0.006 -16"><span class='ocrx_word' id='word_1_66' title='bbox 151 1561 238 1626; x_wconf 72' lang='lat' dir='ltr'><strong>mbo</strong></span> <span class='ocrx_word' id='word_1_67' title='bbox 272 1551 471 1632; x_wconf 69' lang='lat' dir='ltr'><strong>laudabimur,</strong></span> <span class='ocrx_word' id='word_1_68' title='bbox 500 1557 530 1607; x_wconf 85' lang='lat' dir='ltr'><strong>et</strong></span> <span class='ocrx_word' id='word_1_69' title='bbox 559 1549 653 1608; x_wconf 85' lang='lat' dir='ltr'><strong>dicent</strong></span> <span class='ocrx_word' id='word_1_70' title='bbox 681 1549 828 1628; x_wconf 75' lang='lat' dir='ltr'><strong>Pignoriua</strong></span> <span class='ocrx_word' id='word_1_71' title='bbox 852 1559 881 1607; x_wconf 90' lang='lat' dir='ltr'><strong>et</strong></span> <span class='ocrx_word' id='word_1_72' title='bbox 900 1549 981 1606; x_wconf 84' lang='lat' dir='ltr'>Titus</span> <span class='ocrx_word' id='word_1_73' title='bbox 1007 1549 1115 1630; x_wconf 80' lang='lat' dir='ltr'><strong>Popma</strong></span> <span class='ocrx_word' id='word_1_74' title='bbox 1132 1551 1189 1610; x_wconf 87' lang='lat' dir='ltr'><strong>De&#39;</strong></span> 
     </span>
     <span class='ocr_line' id='line_1_11' title="bbox 153 1630 1181 1712; baseline -0.009 -8"><span class='ocrx_word' id='word_1_75' title='bbox 153 1665 201 1710; x_wconf 83' lang='lat' dir='ltr'><strong>ane</strong></span> <span class='ocrx_word' id='word_1_76' title='bbox 227 1643 315 1702; x_wconf 84' lang='lat' dir='ltr'><strong>fidam</strong></span> <span class='ocrx_word' id='word_1_77' title='bbox 342 1653 491 1698; x_wconf 84' lang='lat' dir='ltr'><strong>novercam</strong></span> <span class='ocrx_word' id='word_1_78' title='bbox 514 1651 575 1692; x_wconf 85' lang='lat' dir='ltr'><strong>esse</strong></span> <span class='ocrx_word' id='word_1_79' title='bbox 600 1631 652 1690; x_wconf 88' lang='lat' dir='ltr'><strong>tibi</strong></span> <span class='ocrx_word' id='word_1_80' title='bbox 682 1630 937 1712; x_wconf 66' lang='lat' dir='ltr'><strong>servorumop‘eris.</strong></span> <span class='ocrx_word' id='word_1_81' title='bbox 951 1631 1181 1695; x_wconf 70' lang='lat' dir='ltr'><strong>Gabonvuut</strong></span> 
     </span>
     <span class='ocr_line' id='line_1_12' title="bbox 151 1713 1192 1809; baseline -0.01 -23"><span class='ocrx_word' id='word_1_82' title='bbox 151 1725 280 1809; x_wconf 68' lang='lat' dir='ltr'><strong>privigno</strong></span> <span class='ocrx_word' id='word_1_83' title='bbox 305 1739 353 1782; x_wconf 84' lang='lat' dir='ltr'><strong>me</strong></span> <span class='ocrx_word' id='word_1_84' title='bbox 374 1719 494 1781; x_wconf 77' lang='lat' dir='ltr'><strong>invicem</strong></span> <span class='ocrx_word' id='word_1_85' title='bbox 524 1717 650 1790; x_wconf 75' lang='lat' dir='ltr'><strong>ornanti,</strong></span> <span class='ocrx_word' id='word_1_86' title='bbox 682 1721 731 1779; x_wconf 86' lang='lat' dir='ltr'><strong>des</strong></span> <span class='ocrx_word' id='word_1_87' title='bbox 757 1719 935 1796; x_wconf 76' lang='lat' dir='ltr'><strong>Roomsehen</strong></span> <span class='ocrx_word' id='word_1_88' title='bbox 953 1713 1021 1795; x_wconf 83' lang='lat' dir='ltr'><strong>rijks</strong></span> <span class='ocrx_word' id='word_1_89' title='bbox 1048 1717 1121 1775; x_wconf 88' lang='lat' dir='ltr'><strong>D.1.</strong></span> <span class='ocrx_word' id='word_1_90' title='bbox 1138 1715 1192 1776; x_wconf 74' lang='lat' dir='ltr'><strong>ht‘</strong></span> 
     </span>
     <span class='ocr_line' id='line_1_13' title="bbox 151 1799 1179 1886; baseline -0.01 -16"><span class='ocrx_word' id='word_1_91' title='bbox 151 1831 217 1870; x_wconf 77' lang='lat' dir='ltr'><strong>carm</strong></span> <span class='ocrx_word' id='word_1_92' title='bbox 237 1825 375 1870; x_wconf 82' lang='lat' dir='ltr'><strong>novercae</strong></span> <span class='ocrx_word' id='word_1_93' title='bbox 398 1804 486 1882; x_wconf 79' lang='lat' dir='ltr'><strong>vulgo</strong></span> <span class='ocrx_word' id='word_1_94' title='bbox 504 1801 578 1859; x_wconf 84' lang='lat' dir='ltr'><strong>male</strong></span> <span class='ocrx_word' id='word_1_95' title='bbox 604 1815 664 1857; x_wconf 73' lang='lat' dir='ltr'><strong>am·</strong></span> <span class='ocrx_word' id='word_1_96' title='bbox 681 1822 723 1886; x_wconf 79' lang='lat'><strong>9⁰:</strong></span> <span class='ocrx_word' id='word_1_97' title='bbox 740 1801 794 1879; x_wconf 85' lang='lat' dir='ltr'><strong>vlg.</strong></span> <span class='ocrx_word' id='word_1_98' title='bbox 805 1801 841 1860; x_wconf 91' lang='lat' dir='ltr'><strong>de</strong></span> <span class='ocrx_word' id='word_1_99' title='bbox 853 1799 975 1880; x_wconf 83' lang='lat' dir='ltr'><strong>Burigny</strong></span> <span class='ocrx_word' id='word_1_100' title='bbox 987 1803 1124 1860; x_wconf 79' lang='lat' dir='ltr'><strong>Tom.35.·</strong></span> <span class='ocrx_word' id='word_1_101' title='bbox 1141 1802 1179 1860; x_wconf 84' lang='lat' dir='ltr'><strong>de</strong></span> 
     </span>
     <span class='ocr_line' id='line_1_14' title="bbox 151 1885 1179 1966; baseline -0.002 -18"><span class='ocrx_word' id='word_1_102' title='bbox 151 1895 248 1966; x_wconf 61' lang='lat' dir='ltr'><strong>ditant,</strong></span> <span class='ocrx_word' id='word_1_103' title='bbox 266 1903 297 1948; x_wconf 91' lang='lat' dir='ltr'><strong>et</strong></span> <span class='ocrx_word' id='word_1_104' title='bbox 321 1909 385 1950; x_wconf 86' lang='lat' dir='ltr'><strong>rara</strong></span> <span class='ocrx_word' id='word_1_105' title='bbox 406 1887 442 1945; x_wconf 86' lang='lat' dir='ltr'><strong>sit</strong></span> <span class='ocrx_word' id='word_1_106' title='bbox 466 1901 652 1946; x_wconf 74' lang='lat' dir='ltr'><strong>novercarum</strong></span> <span class='ocrx_word' id='word_1_107' title='bbox 681 1885 853 1946; x_wconf 73' lang='lat' dir='ltr'><strong>l&#39;bcadernie</strong></span> <span class='ocrx_word' id='word_1_108' title='bbox 873 1885 922 1943; x_wconf 84' lang='lat' dir='ltr'><strong>des</strong></span> <span class='ocrx_word' id='word_1_109' title='bbox 935 1887 1179 1966; x_wconf 77' lang='lat' dir='ltr'><strong>inscriptionsete</strong></span> 
     </span>
     <span class='ocr_line' id='line_1_15' title="bbox 151 1963 1178 2056; baseline -0.008 -18"><span class='ocrx_word' id='word_1_110' title='bbox 151 1991 181 2038; x_wconf 85' lang='lat' dir='ltr'><strong>et</strong></span> <span class='ocrx_word' id='word_1_111' title='bbox 200 1975 396 2056; x_wconf 83' lang='lat' dir='ltr'><strong>privignorum</strong></span> <span class='ocrx_word' id='word_1_112' title='bbox 418 1971 514 2048; x_wconf 80' lang='lat' dir='ltr'><strong>gratia.</strong></span> <span class='ocrx_word' id='word_1_113' title='bbox 719 1977 774 2041; x_wconf 74' lang='lat'><strong>143.</strong></span> <span class='ocrx_word' id='word_1_114' title='bbox 804 1973 843 2031; x_wconf 84' lang='lat' dir='ltr'><strong>Ut</strong></span> <span class='ocrx_word' id='word_1_115' title='bbox 856 1963 1009 2030; x_wconf 62' lang='lat' dir='ltr'><strong>temutetcl</strong></span> <span class='ocrx_word' id='word_1_116' title='bbox 1022 1963 1178 2032; x_wconf 78' lang='lat' dir='ltr'><strong>Sieutaliae</strong></span> 
     </span>
    </p>

    <p class='ocr_par' dir='ltr' id='par_1_6' title="bbox 80 2054 1179 2792">
     <span class='ocr_line' id='line_1_16' title="bbox 184 2054 1178 2139; baseline 0.001 -27"><span class='ocrx_word' id='word_1_117' title='bbox 184 2064 349 2139; x_wconf 65' lang='lat' dir='ltr'><strong>Amplexus.</strong></span> <span class='ocrx_word' id='word_1_118' title='bbox 383 2054 474 2112; x_wconf 79' lang='lat' dir='ltr'><strong>Multa</strong></span> <span class='ocrx_word' id='word_1_119' title='bbox 497 2063 564 2113; x_wconf 86' lang='lat' dir='ltr'><strong>sunt</strong></span> <span class='ocrx_word' id='word_1_120' title='bbox 587 2069 650 2114; x_wconf 84' lang='lat' dir='ltr'><strong>ver·</strong></span> <span class='ocrx_word' id='word_1_121' title='bbox 680 2073 790 2112; x_wconf 85' lang='lat' dir='ltr'><strong>mecum</strong></span> <span class='ocrx_word' id='word_1_122' title='bbox 813 2055 889 2113; x_wconf 78' lang='lat' dir='ltr'><strong>fuisti</strong></span> <span class='ocrx_word' id='word_1_123' title='bbox 909 2055 939 2111; x_wconf 89' lang='lat' dir='ltr'><strong>in</strong></span> <span class='ocrx_word' id='word_1_124' title='bbox 964 2054 1062 2114; x_wconf 87' lang='lat' dir='ltr'><strong>eadem</strong></span> <span class='ocrx_word' id='word_1_125' title='bbox 1092 2055 1178 2113; x_wconf 89' lang='lat' dir='ltr'><strong>domo</strong></span> 
     </span>
     <span class='ocr_line' id='line_1_17' title="bbox 80 2131 1178 2221; baseline -0.007 -17"><span class='ocrx_word' id='word_1_126' title='bbox 80 2197 84 2207; x_wconf 84' lang='lat'><em>.</em></span> <span class='ocrx_word' id='word_1_127' title='bbox 149 2145 206 2219; x_wconf 80' lang='lat' dir='ltr'><strong>be,</strong></span> <span class='ocrx_word' id='word_1_128' title='bbox 233 2143 326 2221; x_wconf 90' lang='lat' dir='ltr'><strong>inquit</strong></span> <span class='ocrx_word' id='word_1_129' title='bbox 350 2137 478 2198; x_wconf 75' lang='lat' dir='ltr'><strong>Perizon.</strong></span> <span class='ocrx_word' id='word_1_130' title='bbox 499 2135 538 2194; x_wconf 82' lang='lat' dir='ltr'><strong>ad</strong></span> <span class='ocrx_word' id='word_1_131' title='bbox 550 2131 649 2194; x_wconf 67' lang='lat' dir='ltr'><strong>sanet.</strong></span> <span class='ocrx_word' id='word_1_132' title='bbox 681 2138 772 2196; x_wconf 86' lang='lat' dir='ltr'><strong>Patris</strong></span> <span class='ocrx_word' id='word_1_133' title='bbox 792 2139 849 2210; x_wconf 89' lang='lat' dir='ltr'><strong>tui,</strong></span> <span class='ocrx_word' id='word_1_134' title='bbox 866 2138 904 2194; x_wconf 90' lang='lat' dir='ltr'><strong>ita</strong></span> <span class='ocrx_word' id='word_1_135' title='bbox 921 2139 1129 2210; x_wconf 72' lang='lat' dir='ltr'><strong>senserimus,</strong></span> <span class='ocrx_word' id='word_1_136' title='bbox 1146 2145 1178 2196; x_wconf 81' lang='lat' dir='ltr'><strong>et</strong></span> 
     </span>
     <span class='ocr_line' id='line_1_18' title="bbox 148 2211 1177 2300; baseline 0.002 -20"><span class='ocrx_word' id='word_1_137' title='bbox 148 2231 268 2289; x_wconf 74' lang='lat' dir='ltr'><strong>Minerv.</strong></span> <span class='ocrx_word' id='word_1_138' title='bbox 291 2225 322 2287; x_wconf 75' lang='lat' dir='ltr'>L</span> <span class='ocrx_word' id='word_1_139' title='bbox 340 2235 389 2286; x_wconf 92' lang='lat'>111.</span> <span class='ocrx_word' id='word_1_140' title='bbox 413 2241 436 2280; x_wconf 79' lang='lat' dir='ltr'><strong>e</strong></span> <span class='ocrx_word' id='word_1_141' title='bbox 454 2244 477 2280; x_wconf 83' lang='lat' dir='ltr'><strong>r.</strong></span> <span class='ocrx_word' id='word_1_142' title='bbox 502 2229 549 2278; x_wconf 77' lang='lat'>11⁰.</span> <span class='ocrx_word' id='word_1_143' title='bbox 568 2227 593 2279; x_wconf 85' lang='grc'><strong>3.</strong></span> <span class='ocrx_word' id='word_1_144' title='bbox 617 2241 647 2298; x_wconf 91' lang='lat' dir='ltr'><strong>p.</strong></span> <span class='ocrx_word' id='word_1_145' title='bbox 680 2221 769 2294; x_wconf 86' lang='lat' dir='ltr'><strong>nihil,</strong></span> <span class='ocrx_word' id='word_1_146' title='bbox 787 2221 864 2300; x_wconf 85' lang='lat' dir='ltr'><strong>quod</strong></span> <span class='ocrx_word' id='word_1_147' title='bbox 881 2211 1030 2298; x_wconf 76' lang='lat' dir='ltr'><strong>faciemus,</strong></span> <span class='ocrx_word' id='word_1_148' title='bbox 1048 2223 1103 2280; x_wconf 89' lang='lat' dir='ltr'><strong>erit</strong></span> <span class='ocrx_word' id='word_1_149' title='bbox 1125 2239 1177 2282; x_wconf 85' lang='lat' dir='ltr'><strong>su·</strong></span> 
     </span>
     <span class='ocr_line' id='line_1_19' title="bbox 147 2297 946 2387; baseline -0.011 -14"><span class='ocrx_word' id='word_1_150' title='bbox 147 2335 186 2372; x_wconf 87' lang='lat' dir='ltr'><strong>tn.</strong></span> <span class='ocrx_word' id='word_1_151' title='bbox 202 2321 271 2384; x_wconf 79' lang='lat' dir='ltr'><strong>asso,</strong></span> <span class='ocrx_word' id='word_1_152' title='bbox 298 2327 371 2386; x_wconf 82' lang='lat' dir='ltr'><strong>quae</strong></span> <span class='ocrx_word' id='word_1_153' title='bbox 394 2311 439 2364; x_wconf 79' lang='lat' dir='ltr'><strong>rei</strong></span> <span class='ocrx_word' id='word_1_154' title='bbox 464 2317 578 2362; x_wconf 88' lang='lat' dir='ltr'><strong>mutuae</strong></span> <span class='ocrx_word' id='word_1_155' title='bbox 595 2297 649 2361; x_wconf 58' lang='lat' dir='ltr'><strong>bass</strong></span> <span class='ocrx_word' id='word_1_156' title='bbox 679 2316 812 2387; x_wconf 81' lang='lat' dir='ltr'><strong>spectum.</strong></span> <span class='ocrx_word' id='word_1_157' title='bbox 829 2304 946 2364; x_wconf 81' lang='lat' dir='ltr'><strong>Hubert.</strong></span> 
     </span>
     <span class='ocr_line' id='line_1_20' title="bbox 146 2387 1179 2471; baseline -0.007 -14"><span class='ocrx_word' id='word_1_158' title='bbox 146 2395 216 2456; x_wconf 77' lang='lat' dir='ltr'><strong>bena</strong></span> <span class='ocrx_word' id='word_1_159' title='bbox 232 2392 482 2471; x_wconf 76' lang='lat' dir='ltr'><strong>significationem,</strong></span> <span class='ocrx_word' id='word_1_160' title='bbox 504 2399 533 2444; x_wconf 87' lang='lat' dir='ltr'><strong>et</strong></span> <span class='ocrx_word' id='word_1_161' title='bbox 543 2387 606 2446; x_wconf 86' lang='lat' dir='ltr'><strong>ideo</strong></span> <span class='ocrx_word' id='word_1_162' title='bbox 618 2389 648 2444; x_wconf 86' lang='lat' dir='ltr'><strong>in</strong></span> <span class='ocrx_word' id='word_1_163' title='bbox 712 2394 825 2466; x_wconf 81' lang='lat' dir='ltr'><strong>Aperta</strong></span> <span class='ocrx_word' id='word_1_164' title='bbox 839 2393 946 2460; x_wconf 81' lang='lat' dir='ltr'><strong>dabas,</strong></span> <span class='ocrx_word' id='word_1_165' title='bbox 970 2391 1001 2448; x_wconf 87' lang='lat' dir='ltr'><strong>in</strong></span> <span class='ocrx_word' id='word_1_166' title='bbox 1020 2399 1179 2470; x_wconf 19' lang='lat' dir='ltr'><strong>&#39;conspectu</strong></span> 
     </span>
     <span class='ocr_line' id='line_1_21' title="bbox 146 2471 1177 2562; baseline -0.002 -26"><span class='ocrx_word' id='word_1_167' title='bbox 146 2483 258 2562; x_wconf 74' lang='lat' dir='ltr'><strong>passivo</strong></span> <span class='ocrx_word' id='word_1_168' title='bbox 270 2480 445 2557; x_wconf 66' lang='lat' dir='ltr'><strong>potissimus</strong></span> <span class='ocrx_word' id='word_1_169' title='bbox 460 2471 645 2541; x_wconf 79' lang='lat' dir='ltr'><strong>adhibentur,</strong></span> <span class='ocrx_word' id='word_1_170' title='bbox 679 2474 827 2548; x_wconf 88' lang='lat' dir='ltr'><strong>omnium,</strong></span> <span class='ocrx_word' id='word_1_171' title='bbox 853 2493 890 2532; x_wconf 84' lang='lat' dir='ltr'><strong>ex</strong></span> <span class='ocrx_word' id='word_1_172' title='bbox 920 2473 1020 2533; x_wconf 79' lang='lat' dir='ltr'><strong>affectu</strong></span> <span class='ocrx_word' id='word_1_173' title='bbox 1047 2478 1177 2534; x_wconf 71' lang='lat' dir='ltr'><strong>muntia.</strong></span> 
     </span>
     <span class='ocr_line' id='line_1_22' title="bbox 146 2553 797 2639; baseline -0.011 -17"><span class='ocrx_word' id='word_1_174' title='bbox 146 2563 201 2622; x_wconf 83' lang='lat' dir='ltr'><strong>sed</strong></span> <span class='ocrx_word' id='word_1_175' title='bbox 229 2563 350 2639; x_wconf 80' lang='lat' dir='ltr'><strong>figurate</strong></span> <span class='ocrx_word' id='word_1_176' title='bbox 385 2555 457 2615; x_wconf 78' lang='lat' dir='ltr'><strong>cum&#39;</strong></span> <span class='ocrx_word' id='word_1_177' title='bbox 483 2557 646 2614; x_wconf 75' lang='lat' dir='ltr'><strong>recusative.</strong></span> <span class='ocrx_word' id='word_1_178' title='bbox 678 2553 797 2615; x_wconf 86' lang='lat' dir='ltr'><strong>Hubert.</strong></span> 
     </span>
     <span class='ocr_line' id='line_1_23' title="bbox 147 2639 1179 2720; baseline -0.002 -16"><span class='ocrx_word' id='word_1_179' title='bbox 147 2647 230 2706; x_wconf 85' lang='lat' dir='ltr'><strong>Talia</strong></span> <span class='ocrx_word' id='word_1_180' title='bbox 260 2650 328 2706; x_wconf 81' lang='lat' dir='ltr'><strong>sunt</strong></span> <span class='ocrx_word' id='word_1_181' title='bbox 354 2643 503 2720; x_wconf 81' lang='lat' dir='ltr'><strong>amplecti,</strong></span> <span class='ocrx_word' id='word_1_182' title='bbox 527 2643 652 2702; x_wconf 79' lang='lat' dir='ltr'><strong>osculari</strong></span> <span class='ocrx_word' id='word_1_183' title='bbox 699 2641 819 2698; x_wconf 82' lang='lat' dir='ltr'><strong>&#39;Oscula</strong></span> <span class='ocrx_word' id='word_1_184' title='bbox 839 2649 938 2720; x_wconf 81' lang='lat' dir='ltr'><strong>aperta</strong></span> <span class='ocrx_word' id='word_1_185' title='bbox 954 2641 1046 2702; x_wconf 81' lang='lat' dir='ltr'><strong>dabir.</strong></span> <span class='ocrx_word' id='word_1_186' title='bbox 1079 2643 1122 2702; x_wconf 86' lang='lat' dir='ltr'><strong>Ex</strong></span> <span class='ocrx_word' id='word_1_187' title='bbox 1136 2639 1179 2702; x_wconf 81' lang='lat' dir='ltr'><strong>as-</strong></span> 
     </span>
     <span class='ocr_line' id='line_1_24' title="bbox 148 2723 1085 2792; baseline 0.005 -10"><span class='ocrx_word' id='word_1_188' title='bbox 148 2743 203 2792; x_wconf 64' lang='lat' dir='ltr'><strong>tte.</strong></span> <span class='ocrx_word' id='word_1_189' title='bbox 679 2723 754 2784; x_wconf 82' lang='lat' dir='ltr'><strong>fectu</strong></span> <span class='ocrx_word' id='word_1_190' title='bbox 771 2729 874 2784; x_wconf 84' lang='lat' dir='ltr'><strong>amoris</strong></span> <span class='ocrx_word' id='word_1_191' title='bbox 892 2730 1024 2788; x_wconf 79' lang='lat' dir='ltr'><strong>venerei.</strong></span> <span class='ocrx_word' id='word_1_192' title='bbox 1041 2729 1085 2787; x_wconf 85' lang='lat' dir='ltr'><strong>Id.</strong></span> 
     </span>
    </p>

    <p class='ocr_par' dir='ltr' id='par_1_7' title="bbox 149 2811 1192 3816">
     <span class='ocr_line' id='line_1_25' title="bbox 187 2811 1178 2890; baseline -0.004 -16"><span class='ocrx_word' id='word_1_193' title='bbox 187 2821 244 2886; x_wconf 74' lang='lat' dir='ltr'><strong>atr.</strong></span> <span class='ocrx_word' id='word_1_194' title='bbox 260 2815 320 2874; x_wconf 82' lang='lat' dir='ltr'><strong>Per</strong></span> <span class='ocrx_word' id='word_1_195' title='bbox 336 2811 472 2870; x_wconf 76' lang='lat' dir='ltr'><strong>tenebras.</strong></span> <span class='ocrx_word' id='word_1_196' title='bbox 507 2811 649 2890; x_wconf 79' lang='lat' dir='ltr'><strong>Tempore</strong></span> <span class='ocrx_word' id='word_1_197' title='bbox 728 2817 792 2880; x_wconf 67' lang='lat'><strong>147,</strong></span> <span class='ocrx_word' id='word_1_198' title='bbox 815 2819 871 2880; x_wconf 69' lang='lat'><strong>148.</strong></span> <span class='ocrx_word' id='word_1_199' title='bbox 899 2815 980 2880; x_wconf 76' lang='lat' dir='ltr'><strong>Tolle</strong></span> <span class='ocrx_word' id='word_1_200' title='bbox 996 2829 1092 2873; x_wconf 82' lang='lat' dir='ltr'><strong>moras</strong></span> <span class='ocrx_word' id='word_1_201' title='bbox 1113 2818 1178 2872; x_wconf 73' lang='lat' dir='ltr'><strong>ten·</strong></span> 
     </span>
     <span class='ocr_line' id='line_1_26' title="bbox 149 2893 1179 2978; baseline -0.002 -21"><span class='ocrx_word' id='word_1_202' title='bbox 149 2911 298 2957; x_wconf 88' lang='lat' dir='ltr'><strong>nocturno.</strong></span> <span class='ocrx_word' id='word_1_203' title='bbox 320 2897 491 2960; x_wconf 78' lang='lat' dir='ltr'><strong>Reseranda.</strong></span> <span class='ocrx_word' id='word_1_204' title='bbox 509 2893 649 2977; x_wconf 61' lang='lat' dir='ltr'><strong>Aperien7</strong></span> <span class='ocrx_word' id='word_1_205' title='bbox 679 2903 738 2950; x_wconf 81' lang='lat' dir='ltr'><strong>tam</strong></span> <span class='ocrx_word' id='word_1_206' title='bbox 759 2905 809 2950; x_wconf 91' lang='lat' dir='ltr'><strong>etc.</strong></span> <span class='ocrx_word' id='word_1_207' title='bbox 845 2895 919 2952; x_wconf 87' lang='lat' dir='ltr'><strong>Cum</strong></span> <span class='ocrx_word' id='word_1_208' title='bbox 941 2893 1026 2974; x_wconf 85' lang='lat' dir='ltr'><strong>igitur</strong></span> <span class='ocrx_word' id='word_1_209' title='bbox 1044 2917 1078 2955; x_wconf 87' lang='lat' dir='ltr'><strong>eo</strong></span> <span class='ocrx_word' id='word_1_210' title='bbox 1096 2907 1179 2978; x_wconf 86' lang='lat' dir='ltr'><strong>pacto</strong></span> 
     </span>
     <span class='ocr_line' id='line_1_27' title="bbox 149 2974 1181 3054; baseline -0.002 -14"><span class='ocrx_word' id='word_1_211' title='bbox 149 2984 194 3040; x_wconf 84' lang='lat' dir='ltr'><strong>da.</strong></span> <span class='ocrx_word' id='word_1_212' title='bbox 216 2982 485 3040; x_wconf 75' lang='lat' dir='ltr'><strong>Mariti-Janua.</strong></span> <span class='ocrx_word' id='word_1_213' title='bbox 516 2974 651 3054; x_wconf 82' lang='lat' dir='ltr'><strong>Arguita</strong></span> <span class='ocrx_word' id='word_1_214' title='bbox 681 2981 733 3032; x_wconf 85' lang='lat' dir='ltr'><strong>n&#39;ec</strong></span> <span class='ocrx_word' id='word_1_215' title='bbox 759 2975 855 3038; x_wconf 83' lang='lat' dir='ltr'><strong>salutis</strong></span> <span class='ocrx_word' id='word_1_216' title='bbox 885 2998 938 3040; x_wconf 85' lang='lat' dir='ltr'><strong>nec</strong></span> <span class='ocrx_word' id='word_1_217' title='bbox 964 2983 1054 3040; x_wconf 84' lang='lat' dir='ltr'><strong>santae</strong></span> <span class='ocrx_word' id='word_1_218' title='bbox 1082 2979 1181 3040; x_wconf 86' lang='lat' dir='ltr'><strong>discri-</strong></span> 
     </span>
     <span class='ocr_line' id='line_1_28' title="bbox 149 3060 1181 3138; baseline 0.001 -16"><span class='ocrx_word' id='word_1_219' title='bbox 149 3065 282 3124; x_wconf 76' lang='lat' dir='ltr'><strong>bcilitate</strong></span> <span class='ocrx_word' id='word_1_220' title='bbox 301 3060 415 3138; x_wconf 83' lang='lat' dir='ltr'><strong>negotii.</strong></span> <span class='ocrx_word' id='word_1_221' title='bbox 448 3063 538 3135; x_wconf 63' lang='lat' dir='ltr'><strong>Diuit5</strong></span> <span class='ocrx_word' id='word_1_222' title='bbox 556 3061 650 3138; x_wconf 88' lang='lat' dir='ltr'><strong>quod,</strong></span> <span class='ocrx_word' id='word_1_223' title='bbox 681 3079 747 3119; x_wconf 89' lang='lat' dir='ltr'><strong>men</strong></span> <span class='ocrx_word' id='word_1_224' title='bbox 770 3060 886 3134; x_wconf 81' lang='lat' dir='ltr'><strong>subeas,</strong></span> <span class='ocrx_word' id='word_1_225' title='bbox 911 3065 962 3123; x_wconf 89' lang='lat' dir='ltr'><strong>sed</strong></span> <span class='ocrx_word' id='word_1_226' title='bbox 982 3076 1043 3123; x_wconf 88' lang='lat' dir='ltr'><strong>tuto</strong></span> <span class='ocrx_word' id='word_1_227' title='bbox 1068 3084 1181 3124; x_wconf 87' lang='lat' dir='ltr'><strong>meeum</strong></span> 
     </span>
     <span class='ocr_line' id='line_1_29' title="bbox 150 3143 1181 3222; baseline 0.002 -17"><span class='ocrx_word' id='word_1_228' title='bbox 150 3167 217 3206; x_wconf 88' lang='lat' dir='ltr'><strong>eum</strong></span> <span class='ocrx_word' id='word_1_229' title='bbox 243 3143 325 3204; x_wconf 85' lang='lat' dir='ltr'><strong>ambo</strong></span> <span class='ocrx_word' id='word_1_230' title='bbox 351 3147 408 3202; x_wconf 85' lang='lat' dir='ltr'><strong>sint</strong></span> <span class='ocrx_word' id='word_1_231' title='bbox 427 3149 458 3204; x_wconf 89' lang='lat' dir='ltr'><strong>in</strong></span> <span class='ocrx_word' id='word_1_232' title='bbox 476 3145 576 3204; x_wconf 84' lang='lat' dir='ltr'><strong>endem</strong></span> <span class='ocrx_word' id='word_1_233' title='bbox 596 3145 650 3202; x_wconf 89' lang='lat' dir='ltr'><strong>do·</strong></span> <span class='ocrx_word' id='word_1_234' title='bbox 680 3143 711 3199; x_wconf 89' lang='lat' dir='ltr'><strong>in</strong></span> <span class='ocrx_word' id='word_1_235' title='bbox 731 3143 832 3202; x_wconf 89' lang='lat' dir='ltr'><strong>eodem</strong></span> <span class='ocrx_word' id='word_1_236' title='bbox 852 3148 975 3210; x_wconf 83' lang='lat' dir='ltr'><strong>conclavi</strong></span> <span class='ocrx_word' id='word_1_237' title='bbox 995 3150 1119 3222; x_wconf 75' lang='lat' dir='ltr'><strong>versari,</strong></span> <span class='ocrx_word' id='word_1_238' title='bbox 1137 3148 1181 3207; x_wconf 90' lang='lat' dir='ltr'><strong>lu·</strong></span> 
     </span>
     <span class='ocr_line' id='line_1_30' title="bbox 150 3222 1191 3314; baseline 0.001 -25"><span class='ocrx_word' id='word_1_239' title='bbox 150 3251 218 3302; x_wconf 87' lang='lat' dir='ltr'><strong>nro,</strong></span> <span class='ocrx_word' id='word_1_240' title='bbox 235 3250 294 3288; x_wconf 91' lang='lat' dir='ltr'><strong>non</strong></span> <span class='ocrx_word' id='word_1_241' title='bbox 312 3227 366 3286; x_wconf 88' lang='lat' dir='ltr'><strong>erit</strong></span> <span class='ocrx_word' id='word_1_242' title='bbox 384 3227 505 3290; x_wconf 85' lang='lat' dir='ltr'><strong>multum</strong></span> <span class='ocrx_word' id='word_1_243' title='bbox 518 3227 652 3287; x_wconf 82' lang='lat' dir='ltr'><strong>laborau-</strong></span> <span class='ocrx_word' id='word_1_244' title='bbox 681 3226 748 3285; x_wconf 85' lang='lat' dir='ltr'><strong>dere</strong></span> <span class='ocrx_word' id='word_1_245' title='bbox 767 3241 797 3287; x_wconf 90' lang='lat' dir='ltr'><strong>et</strong></span> <span class='ocrx_word' id='word_1_246' title='bbox 818 3233 905 3310; x_wconf 81' lang='lat' dir='ltr'><strong>jocari</strong></span> <span class='ocrx_word' id='word_1_247' title='bbox 920 3233 1028 3314; x_wconf 83' lang='lat' dir='ltr'><strong>possis,</strong></span> <span class='ocrx_word' id='word_1_248' title='bbox 1045 3222 1191 3312; x_wconf 65' lang='lat' dir='ltr'><strong>quoniam&#39;</strong></span> 
     </span>
     <span class='ocr_line' id='line_1_31' title="bbox 152 3310 1181 3396; baseline 0.004 -25"><span class='ocrx_word' id='word_1_249' title='bbox 152 3315 237 3388; x_wconf 83' lang='lat' dir='ltr'><strong>dum,</strong></span> <span class='ocrx_word' id='word_1_250' title='bbox 255 3324 289 3369; x_wconf 92' lang='lat' dir='ltr'><strong>ut</strong></span> <span class='ocrx_word' id='word_1_251' title='bbox 300 3310 403 3368; x_wconf 88' lang='lat' dir='ltr'><strong>habeat</strong></span> <span class='ocrx_word' id='word_1_252' title='bbox 414 3311 520 3370; x_wconf 86' lang='lat' dir='ltr'><strong>aditum</strong></span> <span class='ocrx_word' id='word_1_253' title='bbox 535 3313 572 3370; x_wconf 88' lang='lat' dir='ltr'><strong>ad</strong></span> <span class='ocrx_word' id='word_1_254' title='bbox 584 3333 651 3372; x_wconf 87' lang='lat' dir='ltr'><strong>eoa·</strong></span> <span class='ocrx_word' id='word_1_255' title='bbox 680 3316 819 3392; x_wconf 82' lang='lat' dir='ltr'><strong>nequitias</strong></span> <span class='ocrx_word' id='word_1_256' title='bbox 836 3327 944 3378; x_wconf 81' lang='lat' dir='ltr'><strong>nostrat</strong></span> <span class='ocrx_word' id='word_1_257' title='bbox 961 3331 1075 3394; x_wconf 79' lang='lat' dir='ltr'><strong>mutuae</strong></span> <span class='ocrx_word' id='word_1_258' title='bbox 1089 3317 1181 3396; x_wconf 88' lang='lat' dir='ltr'><strong>pieta·</strong></span> 
     </span>
     <span class='ocr_line' id='line_1_32' title="bbox 150 3395 1183 3480; baseline 0.006 -27"><span class='ocrx_word' id='word_1_259' title='bbox 150 3395 276 3454; x_wconf 74' lang='lat' dir='ltr'><strong>militum</strong></span> <span class='ocrx_word' id='word_1_260' title='bbox 287 3395 449 3469; x_wconf 83' lang='lat' dir='ltr'><strong>Phaedrae,</strong></span> <span class='ocrx_word' id='word_1_261' title='bbox 468 3399 652 3476; x_wconf 87' lang='lat' dir='ltr'><strong>quemadmo·</strong></span> <span class='ocrx_word' id='word_1_262' title='bbox 682 3399 718 3456; x_wconf 82' lang='lat' dir='ltr'><strong>tis</strong></span> <span class='ocrx_word' id='word_1_263' title='bbox 742 3410 771 3458; x_wconf 83' lang='lat' dir='ltr'><strong>et</strong></span> <span class='ocrx_word' id='word_1_264' title='bbox 791 3399 983 3461; x_wconf 81' lang='lat' dir='ltr'><strong>observantiae</strong></span> <span class='ocrx_word' id='word_1_265' title='bbox 1011 3404 1183 3480; x_wconf 81' lang='lat' dir='ltr'><strong>interpretes</strong></span> 
     </span>
     <span class='ocr_line' id='line_1_33' title="bbox 151 3477 1182 3566; baseline 0.009 -29"><span class='ocrx_word' id='word_1_266' title='bbox 151 3481 222 3538; x_wconf 89' lang='lat' dir='ltr'><strong>dum</strong></span> <span class='ocrx_word' id='word_1_267' title='bbox 240 3499 324 3558; x_wconf 88' lang='lat' dir='ltr'><strong>saepe</strong></span> <span class='ocrx_word' id='word_1_268' title='bbox 345 3477 474 3538; x_wconf 84' lang='lat' dir='ltr'><strong>laborant</strong></span> <span class='ocrx_word' id='word_1_269' title='bbox 494 3481 540 3540; x_wconf 83' lang='lat' dir='ltr'><strong>alii</strong></span> <span class='ocrx_word' id='word_1_270' title='bbox 555 3501 652 3540; x_wconf 85' lang='lat' dir='ltr'><strong>arnan·</strong></span> <span class='ocrx_word' id='word_1_271' title='bbox 683 3505 743 3542; x_wconf 88' lang='lat' dir='ltr'><strong>esse</strong></span> <span class='ocrx_word' id='word_1_272' title='bbox 768 3487 947 3562; x_wconf 86' lang='lat' dir='ltr'><strong>judicabunt,</strong></span> <span class='ocrx_word' id='word_1_273' title='bbox 974 3499 1114 3566; x_wconf 87' lang='lat' dir='ltr'><strong>quotquot</strong></span> <span class='ocrx_word' id='word_1_274' title='bbox 1134 3487 1182 3547; x_wconf 89' lang='lat' dir='ltr'><strong>vel</strong></span> 
     </span>
     <span class='ocr_line' id='line_1_34' title="bbox 151 3561 1183 3650; baseline 0.009 -31"><span class='ocrx_word' id='word_1_275' title='bbox 151 3572 201 3620; x_wconf 79' lang='lat' dir='ltr'><strong>tes.</strong></span> <span class='ocrx_word' id='word_1_276' title='bbox 215 3561 332 3623; x_wconf 83' lang='lat' dir='ltr'><strong>Hubert.</strong></span> <span class='ocrx_word' id='word_1_277' title='bbox 350 3565 383 3622; x_wconf 81' lang='lat' dir='ltr'><strong>ci.</strong></span> <span class='ocrx_word' id='word_1_278' title='bbox 395 3563 499 3624; x_wconf 69' lang='lat' dir='ltr'><strong>tibull.</strong></span> <span class='ocrx_word' id='word_1_279' title='bbox 512 3565 649 3643; x_wconf 63' lang='lat' dir='ltr'><strong>Etegbt.</strong></span> <span class='ocrx_word' id='word_1_280' title='bbox 682 3565 830 3628; x_wconf 84' lang='lat' dir='ltr'><strong>blanditias</strong></span> <span class='ocrx_word' id='word_1_281' title='bbox 849 3571 895 3630; x_wconf 84' lang='lat' dir='ltr'><strong>vel</strong></span> <span class='ocrx_word' id='word_1_282' title='bbox 908 3573 1053 3650; x_wconf 83' lang='lat' dir='ltr'><strong>amplexus</strong></span> <span class='ocrx_word' id='word_1_283' title='bbox 1072 3583 1183 3628; x_wconf 84' lang='lat' dir='ltr'><strong>nostros</strong></span> 
     </span>
     <span class='ocr_line' id='line_1_35' title="bbox 151 3647 1181 3734; baseline 0.01 -34"><span class='ocrx_word' id='word_1_284' title='bbox 151 3647 193 3702; x_wconf 75' lang='lat' dir='ltr'><strong>Ei</strong></span> <span class='ocrx_word' id='word_1_285' title='bbox 215 3665 239 3704; x_wconf 84' lang='lat' dir='ltr'><strong>a.</strong></span> <span class='ocrx_word' id='word_1_286' title='bbox 268 3666 307 3706; x_wconf 79' lang='lat' dir='ltr'><strong>vs.</strong></span> <span class='ocrx_word' id='word_1_287' title='bbox 322 3653 352 3720; x_wconf 82' lang='lat'><strong>&#39;7.</strong></span> <span class='ocrx_word' id='word_1_288' title='bbox 379 3669 418 3726; x_wconf 87' lang='lat' dir='ltr'><strong>sq.</strong></span> <span class='ocrx_word' id='word_1_289' title='bbox 450 3651 534 3710; x_wconf 78' lang='lat' dir='ltr'><strong>ovid.</strong></span> <span class='ocrx_word' id='word_1_290' title='bbox 558 3656 592 3708; x_wconf 80' lang='lat' dir='ltr'><strong>A.</strong></span> <span class='ocrx_word' id='word_1_291' title='bbox 616 3653 651 3707; x_wconf 82' lang='grc' dir='ltr'><strong>Α.</strong></span> <span class='ocrx_word' id='word_1_292' title='bbox 682 3653 949 3728; x_wconf 58' lang='lat' dir='ltr'><strong>animadverterint}</strong></span> <span class='ocrx_word' id='word_1_293' title='bbox 968 3653 1015 3734; x_wconf 70' lang='lat' dir='ltr'><strong>‘suo</strong></span> <span class='ocrx_word' id='word_1_294' title='bbox 1034 3677 1071 3712; x_wconf 90' lang='lat' dir='ltr'><strong>ne</strong></span> <span class='ocrx_word' id='word_1_295' title='bbox 1095 3653 1181 3710; x_wconf 85' lang='lat' dir='ltr'><strong>mini·</strong></span> 
     </span>
     <span class='ocr_line' id='line_1_36' title="bbox 152 3727 1192 3816; baseline 0.008 -30"><span class='ocrx_word' id='word_1_296' title='bbox 152 3728 184 3786; x_wconf 81' lang='lat' dir='ltr'><strong>L.</strong></span> <span class='ocrx_word' id='word_1_297' title='bbox 196 3727 230 3786; x_wconf 84' lang='lat' dir='ltr'><strong>ll.</strong></span> <span class='ocrx_word' id='word_1_298' title='bbox 248 3749 291 3788; x_wconf 80' lang='lat' dir='ltr'><strong>vs,</strong></span> <span class='ocrx_word' id='word_1_299' title='bbox 305 3735 364 3810; x_wconf 67' lang='lat'><strong>635.</strong></span> <span class='ocrx_word' id='word_1_300' title='bbox 383 3744 411 3790; x_wconf 89' lang='lat' dir='ltr'><strong>et</strong></span> <span class='ocrx_word' id='word_1_301' title='bbox 428 3735 458 3790; x_wconf 90' lang='lat' dir='ltr'><strong>L.</strong></span> <span class='ocrx_word' id='word_1_302' title='bbox 469 3735 519 3792; x_wconf 91' lang='lat' dir='ltr'>llI.</span> <span class='ocrx_word' id='word_1_303' title='bbox 538 3757 579 3796; x_wconf 75' lang='lat' dir='ltr'><strong>vs.</strong></span> <span class='ocrx_word' id='word_1_304' title='bbox 594 3745 649 3805; x_wconf 76' lang='lat'>587.</span> <span class='ocrx_word' id='word_1_305' title='bbox 683 3745 757 3796; x_wconf 87' lang='lat' dir='ltr'><strong>ma&#39;m</strong></span> <span class='ocrx_word' id='word_1_306' title='bbox 767 3741 882 3815; x_wconf 82' lang='lat' dir='ltr'><strong>&#39;quidem</strong></span> <span class='ocrx_word' id='word_1_307' title='bbox 893 3735 1000 3798; x_wconf 75' lang='lat' dir='ltr'><strong>moram</strong></span> <span class='ocrx_word' id='word_1_308' title='bbox 1010 3742 1192 3816; x_wconf 53' lang='lat' dir='ltr'><strong>interponas„</strong></span> 
     </span>
    </p>

    <p class='ocr_par' dir='ltr' id='par_1_8' title="bbox 153 3817 1205 4155">
     <span class='ocr_line' id='line_1_37' title="bbox 189 3817 1180 3906; baseline 0.009 -38"><span class='ocrx_word' id='word_1_309' title='bbox 189 3817 249 3878; x_wconf 67' lang='lat' dir='ltr'><strong>riae</strong></span> <span class='ocrx_word' id='word_1_310' title='bbox 277 3819 376 3875; x_wconf 79' lang='lat' dir='ltr'><strong>Custos</strong></span> <span class='ocrx_word' id='word_1_311' title='bbox 399 3837 496 3876; x_wconf 85' lang='lat' dir='ltr'><strong>servus</strong></span> <span class='ocrx_word' id='word_1_312' title='bbox 513 3821 650 3898; x_wconf 84' lang='lat' dir='ltr'><strong>pessimae</strong></span> <span class='ocrx_word' id='word_1_313' title='bbox 682 3824 751 3902; x_wconf 82' lang='lat' dir='ltr'><strong>quin</strong></span> <span class='ocrx_word' id='word_1_314' title='bbox 762 3846 846 3902; x_wconf 84' lang='lat' dir='ltr'><strong>quarn</strong></span> <span class='ocrx_word' id='word_1_315' title='bbox 862 3823 1180 3906; x_wconf 74' lang='lat' dir='ltr'><strong>primumvnluptatem</strong></span> 
     </span>
     <span class='ocr_line' id='line_1_38' title="bbox 153 3893 1180 3979; baseline 0.012 -30"><span class='ocrx_word' id='word_1_316' title='bbox 153 3895 320 3954; x_wconf 81' lang='lat' dir='ltr'><strong>conditionis</strong></span> <span class='ocrx_word' id='word_1_317' title='bbox 341 3903 416 3979; x_wconf 91' lang='lat' dir='ltr'><strong>apud</strong></span> <span class='ocrx_word' id='word_1_318' title='bbox 433 3903 582 3962; x_wconf 82' lang='lat' dir='ltr'><strong>Romanos.</strong></span> <span class='ocrx_word' id='word_1_319' title='bbox 606 3905 651 3964; x_wconf 90' lang='lat' dir='ltr'><strong>De</strong></span> <span class='ocrx_word' id='word_1_320' title='bbox 682 3907 742 3966; x_wconf 85' lang='lat' dir='ltr'><strong>aliis</strong></span> <span class='ocrx_word' id='word_1_321' title='bbox 751 3897 886 3968; x_wconf 66' lang='lat' dir='ltr'><strong>&#39;omnbius</strong></span> <span class='ocrx_word' id='word_1_322' title='bbox 907 3893 1063 3975; x_wconf 75' lang='lat' dir='ltr'><strong>antevertas</strong></span> <span class='ocrx_word' id='word_1_323' title='bbox 1079 3898 1180 3961; x_wconf 79' lang='lat' dir='ltr'><strong>rebusr</strong></span> 
     </span>
     <span class='ocr_line' id='line_1_39' title="bbox 156 3977 1205 4068; baseline 0.004 -31"><span class='ocrx_word' id='word_1_324' title='bbox 156 3977 243 4038; x_wconf 73' lang='lat' dir='ltr'><strong>serris</strong></span> <span class='ocrx_word' id='word_1_325' title='bbox 273 3977 463 4042; x_wconf 76' lang='lat' dir='ltr'><strong>Romanunm</strong></span> <span class='ocrx_word' id='word_1_326' title='bbox 495 3987 530 4044; x_wconf 85' lang='lat' dir='ltr'><strong>V.</strong></span> <span class='ocrx_word' id='word_1_327' title='bbox 561 3979 652 4068; x_wconf 59' lang='lat' dir='ltr'><strong>Spauss&#39;</strong></span> <span class='ocrx_word' id='word_1_328' title='bbox 682 3991 847 4051; x_wconf 83' lang='lat' dir='ltr'><strong>Verendum</strong></span> <span class='ocrx_word' id='word_1_329' title='bbox 869 3995 943 4051; x_wconf 85' lang='lat' dir='ltr'><strong>enim</strong></span> <span class='ocrx_word' id='word_1_330' title='bbox 967 4001 1026 4062; x_wconf 90' lang='lat' dir='ltr'><strong>est,</strong></span> <span class='ocrx_word' id='word_1_331' title='bbox 1046 4008 1082 4046; x_wconf 89' lang='lat' dir='ltr'><strong>ne</strong></span> <span class='ocrx_word' id='word_1_332' title='bbox 1096 3985 1205 4056; x_wconf 71' lang='lat' dir='ltr'><strong>idem,</strong></span> 
     </span>
     <span class='ocr_line' id='line_1_40' title="bbox 155 4053 1181 4155; baseline 0.009 -34"><span class='ocrx_word' id='word_1_333' title='bbox 155 4057 231 4122; x_wconf 77' lang='lat' dir='ltr'><strong>beina</strong></span> <span class='ocrx_word' id='word_1_334' title='bbox 259 4063 346 4128; x_wconf 72' lang='lat' dir='ltr'><strong>orbis</strong></span> <span class='ocrx_word' id='word_1_335' title='bbox 369 4067 448 4129; x_wconf 73' lang='lat' dir='ltr'><strong>lton</strong></span> <span class='ocrx_word' id='word_1_336' title='bbox 467 4067 500 4128; x_wconf 82' lang='lat' dir='ltr'><strong>¹L.</strong></span> <span class='ocrx_word' id='word_1_337' title='bbox 518 4069 539 4128; x_wconf 82' lang='lat'><strong>1.</strong></span> <span class='ocrx_word' id='word_1_338' title='bbox 566 4089 588 4132; x_wconf 80' lang='lat' dir='ltr'><strong>e</strong></span> <span class='ocrx_word' id='word_1_339' title='bbox 612 4053 652 4134; x_wconf 77' lang='lat' dir='ltr'><strong>re&#39;.</strong></span> <span class='ocrx_word' id='word_1_340' title='bbox 681 4063 794 4152; x_wconf 52' lang='grc' dir='ltr'><strong>Αἴτιον,γ</strong></span> <span class='ocrx_word' id='word_1_341' title='bbox 817 4079 866 4155; x_wconf 92' lang='lat' dir='ltr'><strong>qui</strong></span> <span class='ocrx_word' id='word_1_342' title='bbox 886 4097 931 4137; x_wconf 88' lang='lat' dir='ltr'><strong>me</strong></span> <span class='ocrx_word' id='word_1_343' title='bbox 947 4095 1022 4135; x_wconf 87' lang='lat' dir='ltr'><strong>nuuc</strong></span> <span class='ocrx_word' id='word_1_344' title='bbox 1040 4077 1125 4137; x_wconf 81' lang='lat' dir='ltr'><strong>&#39;vexat</strong></span> <span class='ocrx_word' id='word_1_345' title='bbox 1151 4079 1181 4131; x_wconf 83' lang='lat' dir='ltr'><strong>et</strong></span> 
     </span>
    </p>
   </div>
   <div class='ocr_carea' id='block_1_4' title="bbox 0 0 1453 4822">
    <p class='ocr_par' dir='ltr' id='par_1_9' title="bbox 0 0 1453 4822">
     <span class='ocr_line' id='line_1_41' title="bbox 0 0 1453 4822; baseline 0 0"><span class='ocrx_word' id='word_1_346' title='bbox 0 0 1453 4822; x_wconf 95' lang='lat' dir='ltr'><strong> </strong></span> 
     </span>
    </p>
   </div>
  </div>
 </body>
</html>
