2760 4822
82 303 85 306 ’
213 335 276 406 :ss
456 328 1013 404 urtsroussuxrs,
1129 327 1137 340 ·

212 515 358 590 Gscrula
376 513 561 611 propulsae
580 515 787 586 subducitur
809 517 903 589 unda
924 521 1080 592 carinae:

280 628 391 695 Terra
411 623 501 709 tibi,
523 622 622 690 nohis
642 624 886 716 adspiciuntur
907 653 1027 722 aquae.

208 739 254 809 In
273 735 362 804 latus
383 755 485 801 omne
505 747 628 823 putens
650 733 755 800 turris
778 735 1013 826 circumspicit
1033 733 1154 806 undas.

272 843 355 912 Huc
375 838 491 909 serora
515 856 550 908 st
571 840 720 910 lacrimis
737 863 846 934 ‘osque
863 841 1029 934 sinusque
1043 831 1196 916 madent.
1219 871 1263 938 70

210 951 279 1021 Per
298 948 457 1018 lacrimas
478 964 619 1040 spect03
644 943 863 1040 cupidaeque
883 949 1033 1020 faventia
1051 953 1161 1024 urenti

180 1045 186 1059 ’
251 1087 255 1092 ·
275 1057 427 1146 Longius
447 1053 590 1126 adsueto
609 1054 740 1124 lumine
762 1072 880 1124 nostra
899 1059 1034 1130 vident.
1245 1051 1248 1056 ¹

207 1163 315 1240 'Adde
333 1185 458 1258 preces
480 1179 611 1244 castas.
631 1161 955 1252 immixtaque‘vota
975 1149 1092 1235 timori
1103 1214 1116 1254 ,

271 1272 378 1345 Nunc
398 1291 539 1362 quoque
559 1285 595 1341 ta
614 1266 709 1343 selvo
726 1267 959 1366 persoliienda
977 1273 1075 1346 milri.
1188 1311 1192 1320 ·

245 1501 289 1568 67.
307 1462 433 1556 camna
448 1499 501 1552 etc
517 1485 638 1572 lllcgnns
647 1492 720 1554 irus·
749 1513 808 1554 nou
830 1504 942 1554 tanum
963 1495 1063 1555 faciem
1081 1498 1133 1557 sed
1151 1509 1181 1556 ct
1195 1517 1260 1559 res·

211 1603 249 1662 go
266 1580 346 1639 mais
371 1577 437 1638 velo
463 1587 495 1634 et
509 1579 596 1636 remis
618 1579 720 1637 acriter
750 1582 785 1638 tis
809 1579 903 1640 sinum
930 1579 978 1643 vel
1000 1591 1099 1662 pectus
1119 1601 1257 1662 consper-

195 1665 380 1745 (prcpulsac
403 1661 463 1721 siue
489 1679 578 1740 porro
596 1661 720 1742 pulsae)
750 1677 829 1743 gunt

209 1749 360 1828 impulsas.
378 1746 441 1805 sax.
474 1743 562 1804 Navis
582 1765 630 1823 pp.
646 1765 718 1824 pm-
791 1769 833 1821 7¹·
867 1752 928 1810 Per
951 1751 1085 1812 lacrimas
1107 1749 1165 1810 scil
1192 1771 1256 1809 me-

205 1835 276 1914 pelli
290 1831 391 1890 dicitur
405 1831 628 1890 mnructvesto.
645 1829 715 1888 Pnu-
748 1831 816 1891 dias.
850 1831 929 1891 Dum
948 1834 1088 1892 lacriruor.
1103 1836 1140 1895 V.
1159 1835 1254 1892 Burm.

209 1927 283 2000 pert.
301 1917 331 1973 L.
344 1913 453 1972 lILlll.
466 1933 508 1970 ac.
526 1931 567 1973 vs.
583 1933 624 1972 ιι.
657 1915 718 1986 Lu·
748 1915 786 1974 ad
805 1915 871 1976 vat.
888 1915 980 1975 Flncr.
999 1919 1028 1976 L
1041 1917 1062 1974 l.
1086 1937 1127 1978 vs.
1141 1921 1199 1988 767.

208 2020 271 2060 can.
295 1999 386 2057 LIX.
412 2001 523 2072 stirp.
545 1995 660 2056 Ruhnk
679 2000 716 2062 V.
795 2000 973 2081 Cupidaeqtoe
995 2003 1129 2082 faventia
1159 2004 1253 2060 menti.

208 2088 242 2144 in
267 2082 366 2164 primis
394 2081 490 2140 Busan.
518 2080 557 2141 ad
585 2081 715 2164 Propert
745 2083 927 2164 Indulgentia
944 2085 1054 2160 animo,
1071 2087 1120 2166 qui
1139 2085 1169 2144 id
1188 2085 1253 2146 vel-

209 2168 267 2234 il
746 2167 784 2227 de
803 2169 942 2253 cupiebat

232 2252 621 2315 subnctsnmdaccsnae
639 2255 717 2332 Qua·
793 2275 834 2327 7¹·
862 2259 987 2340 Longius
1007 2255 1142 2324 mmm,
1164 2270 1255 2330 quam

208 2339 234 2400 si
251 2357 283 2397 sc
301 2336 443 2424 subtrahit
464 2357 551 2398 mare.
568 2339 631 2397 &n
745 2339 896 2412 solebant,
915 2337 1024 2398 lumina
1042 2341 1101 2398 sive
1119 2337 1193 2394 ocrali
1206 2337 1253 2394 vi-

246 2430 290 2484 68.
315 2423 554 2492 Tamttbtetc,
573 2421 633 2484 sive
650 2431 715 2481 ste.
746 2425 823 2484 dent
860 2424 936 2499 Quia
968 2419 1053 2485 etiaim
1073 2421 1175 2482 uidisse
1199 2421 1253 2477 ad

207 2506 329 2566 Habitus
348 2504 478 2565 abeuntis
494 2515 524 2566 et
543 2507 716 2567 remanentis
745 2509 804 2568 huc
819 2527 850 2566 se
871 2506 1008 2588 putabat,
1025 2505 1092 2564 licet
1106 2505 1162 2583 jam
1180 2521 1253 2562 ucu-

207 2603 331 2656 venuste
352 2589 520 2650 desuibitur
539 2609 557 2647 a
576 2591 717 2649 connum
746 2592 782 2651 lis
794 2603 892 2670 erepta
908 2591 988 2648 navis
1000 2601 1080 2649 esset
1098 2587 1142 2646 Cl'.
1162 2587 1254 2647 Ouid.

207 2677 343 2754 regione,
362 2694 420 2752 qua
432 2673 505 2734 alter
516 2674 639 2734 alterum
648 2693 715 2732 ocu·
746 2679 797 2755 Ep.
809 2677 847 2734 X.
872 2694 915 2744 as.
928 2681 971 2740 31.
988 2675 1040 2754 Ep
1053 2673 1133 2731 Xlll.
1157 2693 1256 2743 trs-17.

207 2760 244 2820 tis
266 2769 367 2818 mutuo
379 2768 546 2836 pmaccutus
566 2776 626 2820 nou
648 2770 715 2816 aute
746 2761 825 2821 oud

207 2843 330 2906 remittit
350 2841 479 2915 vultum,
496 2861 583 2925 quem
601 2839 652 2900 ubi
667 2840 715 2900 ni·
779 2849 828 2925 pa,
846 2851 890 2916 st..
920 2841 1005 2912 'Alide
1027 2860 1126 2920 preces
1152 2851 1255 2901 castas

206 2927 406 2987 mialocorum
425 2925 562 3002 sejunctio
576 2925 658 2984 alteri
673 2925 714 2986 al·
744 2941 797 2988 etc
833 2930 934 2988 Preces
952 2946 1067 3006 qusque
1084 2931 1158 3002 (ego
1186 2945 1253 2984 eas·

206 3011 297 3071 terius
317 3007 481 3090 adspectum
495 3008 606 3088 eripuit
623 3010 687 3068 Ssx.
744 3017 798 3090 ta)
814 3014 851 3074 nd
868 3013 946 3071 Deos
971 3005 1051 3079 ludi,
1077 3020 1107 3066 et
1129 3027 1183 3087 pm
1194 3009 1251 3068 =itu

244 3101 287 3170 ⁶9
315 3096 517 3171 circmcptctt.
551 3092 604 3152 Rei
621 3095 714 3154 inani·
743 3099 894 3185 mdituque
914 3107 966 3154 tuo
983 3103 1050 3154 rota
1066 3093 1246 3170 nuncupavi,

205 3191 301 3244 mutae
318 3197 417 3237 sensus
429 3175 572 3238 tribuitur.
590 3179 635 3246 Cl
647 3181 711 3240 adu.
742 3203 840 3263 quae,
863 3193 892 3240 te
918 3182 1017 3250 salvo,
1041 3177 1163 3249 reduce,
1190 3175 1251 3232 sol·

206 3266 246 3326 ud
267 3281 307 3326 rs.
319 3266 360 3322 56.
376 3263 407 3321 h.
423 3263 476 3341 Ep.
742 3267 837 3330 vende
871 3265 943 3324 milri
977 3263 1080 3320 forent.
1111 3262 1172 3320 S'ux.
1198 3260 1250 3320 Cl'.

242 3371 287 3420 7ο.
314 3347 487 3428 Hcefsror.
521 3347 605 3425 Rue,
623 3345 712 3406 celer·
742 3351 818 3410 Adn.
835 3348 874 3408 ad
889 3367 930 3410 vs.
944 3351 987 3408 ts.
1005 3346 1058 3423 Ep.
1069 3345 1095 3403 i.

204 3435 279 3498 time
306 3453 353 3490 me
379 3431 440 3490 huc
466 3432 601 3511 proripio.
633 3432 714 3492 Oud.
788 3434 986 3496 Psrsclttenda„
1019 3431 1077 3487 Per
1105 3423 1250 3487 diaeicsin

207 3511 323 3593 Quanta
344 3514 408 3573 lieri
431 3529 544 3595 poterat
570 3517 713 3576 celeritate
743 3520 802 3583 sive
818 3520 903 3578 unius
914 3514 1037 3594 syllabae
1054 3513 1086 3575 in
1102 3513 1268 3571 duasdisv‘

205 3623 237 3662 rn
258 3602 360 3661 turrim
379 3601 508 3672 essendi,
528 3603 605 3660 unde
626 3621 713 3680 quam
742 3605 916 3666 tractionem.
931 3592 996 3660 San.

205 3687 370 3764 longissime
387 3684 418 3741 in
436 3705 534 3744 omues
546 3687 630 3744 maris
647 3704 713 3763 par·
777 3693 968 3766 immixtaque
987 3695 1051 3745 ceta
1068 3685 1170 3740 timori.
1187 3680 1248 3738 lta·

207 3781 253 3830 tes
265 3781 431 3850 prospectus
451 3769 578 3828 dabutur.
596 3772 660 3829 San.
742 3793 799 3852 que
817 3771 991 3852 Hypsipylen
1007 3766 1144 3824 insuustcs
1161 3783 1251 3823 even·

164 3899 176 3915 ..
243 3857 284 3915 Et
300 3875 353 3932 pro
376 3865 443 3917 um.
459 3855 495 3919 V.
513 3854 633 3916 Turseli
652 3854 710 3938 Op.
741 3871 788 3918 tus
805 3861 863 3935 jam
879 3855 1005 3914 timuisse
1022 3851 1089 3909 hinc
1104 3847 1244 3925 conligas,

162 3961 172 3992 .·
207 3935 275 4000 tin
292 3957 318 3998 v.
336 3949 371 3997 ct.
601 3945 605 3952 “
741 3943 785 4002 uti
807 3952 886 4021 patet
909 3959 944 3998 ex
965 3956 1007 3996 vs·
1019 3957 1062 4012 79.
1086 3953 1127 4012 sq.
1152 3933 1250 3990 lmtrro

243 4025 441 4088 mmmm.
458 4021 566 4093 natue
579 4023 710 4090 leuium
740 4027 801 4109 ipse
821 4025 870 4091 ille
888 4040 1025 4106 aquarum
1044 4019 1194 4100 adspectus
1207 4026 1262 4098 et·¹
