2802 4838
261 349 311 438 se
436 349 768 434 errsrona
807 353 1112 436 secunus.¹

257 543 395 620 videtum
414 541 765 623 qnhmlmedahho·
833 553 894 618 140.
916 551 1087 610 atta-uta.
1111 545 1247 612 Otid'ntm
1259 551 1302 618 dd

211 669 215 678 ·
262 634 363 708 spitus
389 629 638 706 Demophoontem
663 649 765 694 man·
796 629 908 692 duobus
931 645 1062 712 agentem
1081 634 1168 712 hujus
1188 653 1298 714 prono-

262 726 321 772 κη
334 713 483 790 Phyllida,
499 731 573 792 quae
590 731 657 772 eura
675 711 772 776 bene,
796 715 879 774 minis
891 717 1090 796 repetitionem
1108 736 1202 780 amare
1215 717 1301 784 adh,

264 791 336 855 ficiis
362 805 528 856 oneraverat
555 795 612 870 (ef.
640 815 682 862 rs,
706 817 764 869 rog.
795 819 838 862 rs.
855 801 1034 870 Burmannus
1053 801 1179 868 adnotati
1200 799 1300 886 Vulgo

263 879 326 958 hui·
341 881 428 959 En),
444 877 766 961 mammeam
795 885 872 959 sne,
888 888 962 952 rau.

604 1195 961 1225 mm*

480 1405 901 1484 EPJsToLA
957 1408 1080 1479 111.

390 1585 1169 1712 ni1sa1saca1aa1.

562 1891 998 1960 ARGUMENTUM.

270 2027 273 2034 .
299 2061 324 2137 ς.
345 2082 368 2118 r.
395 2058 525 2132 Graecis,
544 2059 615 2120 duce
625 2063 856 2140 Agamemnone,
874 2063 1150 2144 Mycenarumrege,
1169 2061 1199 2120 in
1211 2059 1306 2140 Phry·

260 2143 335 2222 giam
352 2143 469 2214 delatis,
487 2144 651 2206 diuturnam
668 2147 772 2222 Trojae
788 2148 967 2207 obsidionem
984 2149 1108 2207 suturam
1123 2147 1175 2206 sibi
1189 2166 1306 2226 persua-

141 2227 146 2239 “
262 2240 359 2286 suant
377 2227 512 2287 Graeciae
526 2231 685 2308 principes,
701 2231 768 2288 artis
786 2229 901 2290 urbium
921 2231 1140 2290 obsidendarum
1158 2231 1243 2310 plane
1259 2232 1307 2306 ig-

143 2346 147 2356 ·
261 2313 341 2384 nari,
365 2333 453 2389 quare
463 2357 473 2384 ,
492 2333 530 2370 ne
549 2314 607 2372 otio
630 2324 824 2399 torpescerent
843 2315 967 2386 milites,
997 2327 1027 2378 et
1047 2307 1205 2383 haherent,
1225 2313 1307 2373 unde

226 2459 228 2464 ,
260 2397 407 2467 viverent,
430 2397 658 2474 circumjacentes
681 2397 811 2473 regiones
838 2397 1007 2479 depopulati
1031 2409 1120 2471 sunt,
1147 2414 1308 2474 earumque

261 2479 430 2540 deleverunt
447 2483 545 2543 urbes.
1208 2523 1210 2526 -

298 2567 323 2639 ς·
343 2585 370 2622 s.
404 2565 551 2639 Achilles,
567 2564 654 2624 Aetei
674 2583 781 2645 nepos,
799 2562 882 2622 Pelei
901 2583 937 2624 cx
961 2563 1084 2626 Thetide
1106 2561 1198 2634 hlius,
1217 2582 1309 2642 prae*

260 2657 309 2706 ter
325 2648 393 2708 alias
420 2648 505 2708 urbes
525 2650 611 2708 etiam
631 2651 821 2728 Lyrnessurn,
840 2649 956 2708 Ciliciae
983 2645 1143 2720 civitatem,
1171 2647 1200 2706 ri
1217 2663 1310 2724 oepe-

262 2741 328 2804 rat,
353 2743 382 2789 et
405 2733 559 2792 interiectis
586 2732 721 2795 fratribus
740 2749 773 2790 ac
793 2733 895 2792 marito
923 2731 1149 2812 Hippodamiae,
1174 2731 1265 2808 ipsam
1288 2751 1309 2794 a

259 2815 340 2872 Brise
357 2826 438 2894 patre
461 2815 617 2878 Briseidem
629 2816 739 2880 dictam
759 2815 917 2880 abduxerat
943 2813 1104 2894 captivam,
1128 2835 1215 2901 quam
1238 2813 1311 2878 dein

259 2899 373 2977 perdite
392 2919 490 2958 amans
507 2900 602 2958 uxoris
622 2899 684 2958 loco
705 2899 816 2965 habuit·
1154 2965 1159 2976 ,

298 2987 324 3060 ἓ,
342 2991 369 3044 3.
384 3003 388 3010 ·
403 2982 522 3060 Aliquot
538 2981 619 3046 annis
633 2983 663 3040 in
680 2986 769 3061 Troja
782 2984 937 3042 obsidenda
949 2984 1120 3055 consumtis,
1138 2979 1255 3050 accidit,
1273 2983 1312 3038 ut

262 3068 351 3146 pestis
369 3067 399 3124 in
423 3067 598 3124 Graecorum
624 3068 746 3126 exercitu
772 3071 912 3142 oriretur,
936 3071 1016 3144 eujus
1049 3085 1161 3129 causam
1185 3065 1216 3120 in
1236 3082 1311 3120 con·

262 3152 342 3212 cione
362 3149 399 3208 ah
419 3151 529 3210 Achille
556 3165 708 3210 convocata
725 3155 857 3232 exposuit
877 3152 1053 3232 somniorum
1075 3148 1197 3228 optimus
1214 3143 1310 3202 iuter.
1384 3153 1385 3162 ¹

131 3257 136 3266 “
180 3225 183 3232 ’
261 3257 330 3314 pres
354 3235 492 3294 Calchasr
510 3235 675 3312 Apollinem
697 3256 801 3318 nempe
819 3236 890 3296 dixit
910 3235 1030 3304 iratum,
1055 3231 1133 3310 quod
1151 3231 1313 3308 Agamem-

261 3341 323 3378 non
349 3321 498 3396 Chrysen,
528 3319 584 3377 Dei
614 3321 808 3393 sacerdotem,
836 3319 885 3399 qui
904 3322 1080 3396 Astynomen
1104 3313 1246 3388 filiam,a
1275 3335 1312 3372 se

262 3403 451 3482 Chryseidem
469 3403 663 3484 appellatam,
689 3403 849 3464 redemtum
868 3402 1012 3472 venisset,
1036 3397 1165 3459 conviciis
1189 3415 1312 3458 onerasa
1383 3413 1384 3420 ¹

263 3499 327 3560 set,
344 3507 434 3566 reque
457 3489 561 3546 insecta
578 3487 748 3560 dimisisset,
765 3498 877 3566 postem
894 3487 968 3544 hanc
991 3484 1146 3554 excitasse,
1167 3500 1314 3558 eamque,

263 3571 319 3632 uisi
336 3573 494 3651 Chryseide
512 3572 586 3650 patri
602 3571 733 3641 reddita,
748 3571 810 3630 tolli
833 3571 1029 3648 exstinguique
1049 3588 1108 3624 non
1126 3583 1216 3646 posse.

296 3663 324 3733 §.
343 3665 371 3728 4.
406 3657 476 3714 Post
495 3655 598 3713 multas
619 3655 694 3726 ipter
714 3657 959 3732 Agamemnonem
977 3663 1007 3712 et
1025 3651 1167 3710 Achillem
1185 3647 1313 3708 alterca-

263 3743 356 3802 tiones
380 3751 410 3797 et
428 3739 521 3811 rixas,
545 3738 594 3795 ille
612 3741 640 3798 ri
658 3751 770 3798 coactus
792 3738 981 3817 Chryseidem
1005 3735 1131 3814 Chrysae
1154 3731 1215 3790 sine
1238 3751 1314 3810 pre-

261 3830 303 3884 tio
322 3825 447 3895 remisit,
465 3820 501 3880 ab
520 3822 576 3882 hoe
591 3823 748 3880 Briseidem
772 3842 824 3900 per
840 3839 993 3900 praecones
1017 3815 1219 3896 expostulavit,
1238 3817 1312 3890 qui·
1381 3823 1382 3832 ’

264 3910 319 3979 hus
335 3911 415 3968 arnici
435 3913 513 3986 jussu
532 3908 694 3979 Patrocles,
718 3907 854 3966 Menoetii
874 3905 969 3975 fitius,
995 3923 1059 3960 eam
1081 3899 1202 3960 tradidit
1238 3900 1312 3971 Qua
1381 3919 1382 3954 i

266 3993 356 4057 reita
379 3991 482 4050 exarsit
505 3990 647 4063 Achilles,
673 4003 706 4050 ut
728 4005 825 4050 contra
848 3993 987 4067 Troianos
1011 3985 1186 4066 pugnarem
1209 3991 1313 4060 postc-

195 4079 199 4094 ’
265 4095 329 4140 rum
343 4077 448 4146 nollet,
467 4077 536 4153 quin
558 4077 643 4136 etiam
659 4074 688 4134 in
706 4077 827 4156 patriam
843 4075 977 4137 Phthiam
996 4071 1090 4134 redire
1113 4075 1261 4130 statueret·
1380 4103 1381 4118 r
