2760 4822
301 393 604 476 ostoun
659 401 935 486 stator.
1055 339 1202 534 ω’,

108 581 201 682 Btepe
221 611 339 678 greges
360 590 454 658 inter
475 589 704 685 requievimus
727 595 852 664 arbore
874 597 981 670 teeti-t

159 697 334 788 Mixtaque
356 719 434 766 cum
455 698 544 768 foliis
565 699 728 794 praebuit
749 698 858 773 herba
883 721 1008 778 torum.

108 803 198 902 Saepe
218 829 324 897 super
345 823 515 884 stramen,
540 805 714 898 soenoque
736 807 930 895 jacentibus
954 814 1042 904 alto,
1091 819 1132 888 15

159 913 303 982 Defensa
324 929 378 980 est
399 913 522 980 humili
545 931 629 980 cana
650 919 777 1006 pruina
800 941 901 1010 casa.

106 1025 178 1115 Quis
199 1023 264 1089 tibi
284 1024 501 1098 monstrabat
522 1021 625 1090 saltus
647 1025 826 1091 venatibus
849 1042 968 1117 aptost

155 1130 197 1200 Et
216 1147 349 1218 tegeret
372 1129 501 1199 catulos
522 1155 594 1222 qua
615 1129 687 1198 sera
709 1151 796 1222 rupe
818 1136 927 1202 suos?

103 1387 159 1458 Quo
175 1379 320 1461 pertinent
339 1376 389 1436 illa
417 1374 515 1438 Ovidii
537 1381 591 1460 Ep.
624 1397 688 1440 rum
706 1399 786 1441 more
797 1381 980 1460 herbaugere
994 1391 1130 1458 tanquam

101 1469 217 1526 testa
233 1462 413 1541 ep.xvttt
430 1484 543 1540 vairp.
563 1475 594 1522 et
622 1483 745 1541 persona
772 1468 881 1526 diuitum
918 1468 967 1524 Uti
996 1465 1130 1523 Horatius

97 1551 197 1607 licum
214 1549 243 1604 L.
256 1547 325 1606 XII.
337 1567 383 1606 us.
397 1553 440 1616 54.
622 1551 712 1606 Ser-tu.
730 1553 758 1607 L.
770 1553 792 1610 1.
810 1553 868 1610 Ecl
880 1557 904 1610 5.
923 1551 998 1609 idem
1009 1549 1129 1611 verbum

125 1653 161 1694 ts.
183 1635 306 1692 Nubere.
330 1631 376 1690 De
394 1631 461 1695 bu
480 1632 591 1713 signifi-
619 1635 659 1692 de
678 1635 807 1712 personis
826 1647 954 1714 usurpat.

94 1719 188 1774 catione
208 1737 303 1794 supra.
661 1737 674 1770 t
691 1719 810 1776 Murena
823 1719 979 1800 praebente
992 1717 1128 1792 domum,

119 1804 257 1880 Nympltm
291 1802 329 1860 V.
346 1801 463 1877 Argum.
492 1803 560 1876 §.u'
673 1805 832 1882 -Capitone
849 1804 999 1861 culinam.”

120 1888 226 1945 Nubere
240 1915 279 1933 -
291 1888 351 1944 tuti.
371 1883 498 1944 Verbum
502 1883 591 1958 serre
671 1894 711 1946 15.
744 1891 834 1966 Super·
860 1900 1005 1957 stramen,
1019 1889 1128 1964 foetae·

90 1985 145 2028 tum
162 1972 303 2031 infinitivo
323 1969 421 2028 Ovidii
440 1970 589 2046 proprium
619 1991 679 2048 que.
709 1973 879 2048 Coojunctio
897 1993 950 2050 que
965 1971 1011 2028 bic
1029 1973 1125 2028 diver-

89 2073 141 2116 ωε
157 2055 290 2115 observat
308 2055 345 2112 ad
362 2055 392 2112 bi
406 2075 444 2112 vs.
464 2053 560 2112 Burin.
619 2075 664 2112 sos
676 2073 755 2112 casus
769 2068 866 2114 contra
880 2055 1011 2132 generale
1024 2055 1128 2112 Gram-

116 2144 185 2200 Tuli.
202 2141 268 2197 Non
280 2137 416 2198 recusavi.
431 2137 515 2196 ovid.
527 2139 586 2195 llIe·
618 2139 783 2196 maticotum
804 2151 988 2218 praeceptum
1005 2141 1124 2214 jungere

86 2235 145 2284 tam
169 2227 201 2282 L.
215 2225 296 2280 xt11.
326 2227 435 2292 esitio.
459 2223 535 2280 Suet.
556 2223 585 2280 in
617 2221 707 2278 videri
722 2235 836 2302 possetp
854 2225 905 2280 sed
922 2224 950 2278 in
965 2221 1069 2278 talibus
1080 2223 1124 2279 di·

86 2309 139 2368 Tib.
162 2329 188 2367 c.
207 2315 248 2377 34.
266 2307 383 2366 Ruunt.
615 2319 728 2364 tersum
741 2321 836 2364 casum
848 2307 883 2365 ab
893 2305 1032 2362 intellecta
1041 2325 1124 2382 prae·

117 2403 152 2456 13.
175 2398 267 2472 Smepe
286 2403 339 2449 etc
368 2389 583 2468 Elegansoasus
614 2391 756 2465 positione
772 2391 831 2469 regi
852 2389 963 2448 monuit
982 2391 1064 2449 Voss.
1083 2392 1122 2448 de

84 2479 192 2536 montio
211 2475 390 2536 observanda
405 2485 454 2531 est.
474 2473 553 2531 oud.
615 2475 854 2544 Constructc67.
872 2475 948 2530 Ante
946 2471 1040 2547 josuo
1051 2475 1122 2532 sub·

110 2564 165 2622 lIac
192 2559 464 2621 commemoratione
484 2557 583 2634 prieti·
614 2559 681 2615 ettdi
711 2559 795 2635 igitur
817 2560 1055 2637 praepositionem
1078 2565 1119 2617 in.

82 2662 128 2705 ttae
147 2643 361 2704 consuetudinis
378 2640 539 2720 superbiam
552 2653 581 2697 et
613 2641 746 2714 Ejusdem
777 2643 992 2700 constructionis
1020 2662 1119 2699 exem·

80 2731 214 2788 festidium
227 2727 340 2786 Paridis
355 2727 478 2804 graviter
490 2727 580 2782 incre-
609 2726 657 2803 pla
677 2727 795 2785 laudant
813 2727 891 2784 Oudt
911 2737 940 2782 et
955 2725 1068 2782 llulrnlt.
1086 2727 1117 2784 in

76 2815 297 2892 Parmenone)
315 2821 345 2866 et
360 2811 505 2882 retundit3
525 2809 577 2865 ho·
610 2809 675 2868 Sall.
694 2809 825 2887 Iugurtb.
851 2826 872 2866 r.
891 2831 913 2880 7.
945 2811 1002 2869 biv.
1027 2811 1058 2867 L.
1079 2811 1118 2870 V.

75 2899 189 2956 minibus
205 2897 283 2954 enim
301 2915 337 2952 ex
359 2893 460 2951 humili
470 2893 534 2950 loco
548 2893 576 2948 iu
607 2911 629 2949 e.
649 2917 686 2972 ¹9³
714 2895 827 2972 Apulej.¹
847 2895 960 2951 Meum.
985 2894 1059 2952 1..11.
1084 2915 1121 2972 p.

74 2981 155 3040 altum
179 2980 285 3041 evectis
303 2979 389 3056 vulgo
417 2977 488 3035 nihil
512 2997 576 3034 mo·
609 2982 648 3035 ab.
674 2979 752 3035 Cort.
779 2979 816 3035 ad
837 2977 895 3036 Sall
922 2979 1007 3036 caut.
1035 2985 1114 3040 α33.

71 3063 161 3124 latius
180 3084 244 3122 esse
264 3061 358 3134 solet,
382 3083 468 3140 quam
488 3081 575 3138 supe·
606 3061 699 3119 Burm.
728 3064 764 3120 ad
783 3063 853 3120 Suet
886 3063 1006 3140 Vespas.
1031 3083 1053 3120 c.
1071 3086 1112 3138 ¹9³

71 3151 147 3208 rioris
176 3151 253 3210 vitae
278 3159 308 3204 et
337 3157 498 3224 temporum
529 3147 574 3202 iu·
606 3147 676 3203 Plio.
701 3148 751 3224 Ep.
782 3149 811 3203 L.
832 3149 881 3203 111.
906 3148 957 3222 Ep.
975 3153 1000 3205 6.
1032 3148 1112 3208 Oud.

71 3235 149 3292 ducta
184 3231 357 3292 recordatio.
403 3230 574 3307 Depingitur
606 3232 643 3289 ad
664 3232 738 3289 Hirr.
764 3231 802 3288 de
823 3231 854 3288 Ba
874 3229 910 3288 G.
934 3233 964 3288 b.
982 3233 1061 3294 VIII.
1087 3253 1116 3294 e.

69 3315 112 3374 bio
129 3317 215 3376 sitnnl
240 3313 434 3392 antiquissima
457 3325 486 3370 et
508 3333 573 3392 pas·
604 3319 645 3384 46.

68 3404 160 3460 toricia
175 3401 339 3480 simplicitas
349 3399 505 3456 amantium
519 3395 572 3454 sub
637 3400 848 3478 Alto-strena
866 3400 902 3457 de
922 3409 1022 3458 acervo
1033 3401 1110 3462 foeni

65 3485 197 3543 arborum
223 3487 326 3543 umbra
350 3481 430 3538 humi
459 3479 571 3538 recum·
602 3483 659 3541 alte
678 3485 802 3560 congesti
826 3485 1034 3543 nummasius.

63 3567 200 3629 bertium.
231 3571 292 3629 bar.
319 3568 363 3625 Cl'.
384 3589 439 3626 van
462 3565 571 3624 Schelle
641 3572 677 3626 ι6.
691 3571 819 3649 Dtfiusa
830 3581 878 3626 est.
893 3571 1030 3646 Depnlm,
1041 3589 1110 3649 pro*

61 3655 192 3732 iempsar
212 3677 266 3712 aan
285 3650 396 3729 Jozeph
418 3671 481 3728 pag.
493 3671 533 3720 27·
601 3649 691 3710 hibita
709 3663 758 3709 est.
778 3653 874 3712 Heius.

96 3741 294 3815 Requieuimus
303 3740 408 3795 arbore
425 3742 497 3794 tecti.
516 3735 570 3792 Pa·
638 3739 729 3806 Gonu,
748 3737 882 3813 quoniam
901 3737 1019 3792 nitescit.
1036 3737 1108 3793 Pra-

61 3837 91 3877 οε
110 3833 139 3878 et
157 3823 308 3880 securitate
336 3823 490 3898 gaudentes
515 3819 569 3878 sub
601 3831 628 3878 ta
653 3819 803 3876 albicantia
825 3819 896 3877 dixit
915 3821 1013 3878 Horat.
1035 3821 1112 3880 1..1.

61 3905 171 3963 arboris
190 3905 290 3964 umbra
311 3903 501 3963 recubuimus.
520 3901 567 3962 Cl.
601 3905 659 3963 od.
675 3911 699 3982 lu
725 3925 763 3964 va.
778 3913 802 3974 4.
825 3905 888 3960 Sus.

60 3986 137 4065 lim.
156 3991 216 4048 Eut.
229 3993 252 4048 Ι.
269 3989 367 4049 Bucol.
637 4009 675 4060 17.
693 3994 795 4066 Aptus.
812 3993 913 4066 Apias,
925 3987 1015 4064 inquit
1027 3991 1107 4066 Wyt·

92 4081 136 4145 tlt·
163 4077 302 4140 Praebuit
330 4074 427 4138 terba.
462 4074 568 4136 Poeta*
599 4073 675 4133 teob
693 4075 729 4133 V.
748 4071 794 4132 Cl.
811 4072 840 4130 in
863 4073 963 4131 Select.
989 4073 1109 4130 Schola-¹
