2802 4838
254 365 299 440 so
453 323 782 438 -nrrsdott
823 353 1080 430 rurore.-
1126 411 1169 422 .,

255 553 356 639 lion,
378 567 440 641 ego
458 549 615 648 poscenti
637 537 731 646 quod
752 565 827 611 rum
847 537 1061 613 oitotradite
1082 539 1185 629 Regi,

323 655 436 751 Culpa
452 675 508 726 tua
528 675 599 730 est:
621 654 773 751 quamvis
789 651 857 718 hoc
871 659 1016 748 'quoque
1031 647 1131 742 culpe
1148 666 1204 717 tua
1223 663 1288 718 est.

257 768 366 852 Nam,
386 765 486 834 simul
506 766 695 859 Eurybates
710 775 764 832 me
784 756 1060 850 Talthybiusque
1080 773 1267 843 vocarunt,

320 871 487 964 Eurybati
507 871 586 938 data
606 895 681 938 sum
703 868 960 960 Talthybioque
981 887 1106 932 eomes.
1249 885 1292 934 ro
1345 919 1350 922 .

258 975 357 1050 Alter
377 979 415 1045 in
436 977 576 1050 alterius
594 981 758 1067 jactantes
778 975 908 1042 luminu
928 971 1079 1056 vultum,

323 1085 547 1176 Quaerebant
566 1089 683 1174 taciti,
704 1101 820 1158 noster
841 1082 903 1154 ubi
922 1095 1010 1150 esset
1028 1103 1134 1152 amor.

260 1309 319 1368 qao
339 1290 459 1349 ..attam
479 1290 566 1352 aava
585 1291 622 1350 oe
643 1290 759 1350 amaa
788 1299 838 1349 aa
853 1289 969 1369 afferat
981 1289 1070 1366 aar
1096 1280 1222 1365 ogffmt
1236 1243 1316 1342 aa(

259 1374 350 1450 queri.
366 1374 463 1433 Burm.
497 1377 584 1436 serva
602 1375 679 1434 euim
698 1385 759 1434 erat
789 1387 848 1433 tem
859 1375 990 1434 dicuutur
1008 1387 1161 1450 personae,
1177 1387 1242 1432 urm
1259 1365 1293 1424 in

257 1455 377 1529 Βΐῑδθῐθ,
393 1457 469 1543 bello
487 1458 594 1536 quippe
609 1469 701 1538 capta.
719 1461 758 1519 V.
790 1459 868 1517 aliud
899 1468 1011 1534 tempus
1050 1452 1214 1530 rejiciuntur
1243 1448 1306 1512 vul⁴

171 1561 172 1569 ¹
258 1541 388 1601 Feithius
413 1543 513 1620 Antiq·
537 1544 651 1601 Homer.
678 1543 709 1598 L.
719 1542 760 1598 11.
791 1541 875 1600 etiam
888 1541 919 1598 in
936 1539 1022 1596 alium
1040 1536 1145 1595 locum.

258 1647 286 1684 e.
300 1646 343 1686 ro.
377 1629 438 1685 Hoo
460 1628 507 1704 jus
529 1639 658 1706 spectans
676 1625 761 1688 vertit
827 1629 969 1694 Quamvis.
995 1622 1128 1697 iungitur
1146 1618 1206 1676 sere
1222 1634 1293 1676 ooo·

256 1709 396 1769 hieririac.
789 1708 930 1787 junctivo,
947 1705 1037 1764 rarius
1047 1693 1204 1762 iridicativo.
1222 1699 1294 1759 ost·

298 1821 313 1851 e
331 1798 438 1854 Contre
463 1795 522 1868 toi,
538 1815 607 1853 mon
626 1795 761 1873 seigneur
792 1795 855 1853 dius
877 1790 1037 1870 saepissime
1055 1785 1203 1844 indicativo
1223 1786 1293 1860 jun·

328 1879 457 1950 et'mari,
474 1899 506 1938 oe
524 1900 570 1938 me
585 1878 709 1948 semble,
790 1880 838 1954 git
853 1907 891 1925 -
907 1875 964 1932 Sed
982 1873 1012 1930 id
1026 1871 1060 1928 fit
1077 1879 1139 1924 tum
1157 1867 1292 1938 demum,

294 1987 311 2020 e
327 1967 361 2022 le
377 1983 424 2020 me
440 1982 514 2028 veux
526 1965 673 2042 dispeuser
685 1963 760 2027 de'la
789 1980 856 2018 eum
878 1977 931 2038 pro
946 1974 1123 2038 quanqum,
1140 1955 1193 2020 etsi
1205 1947 1294 2024 poni·

326 2048 441 2125 rigueur
454 2048 504 2105 des
523 2048 603 2114 lois.’¹
790 2055 846 2108 tur.
869 2045 907 2104 V.
925 2040 1050 2099 Turseli.
1076 2037 1135 2116 Op.
1160 2035 1181 2092 l·
1208 2033 1238 2090 iu
1262 2053 1291 2096 v.

255 2135 328 2194 Tam
351 2131 448 2189 timide
470 2150 537 2190 vero
563 2131 664 2190 Briseis
685 2151 756 2211 que-
790 2132 930 2209 quamvis.
942 2124 1069 2180 Perizon.
1081 2123 1118 2176 ud
1130 2118 1222 2174 sanet
1233 2115 1294 2172 Mi-

253 2215 343 2279 r'elam
363 2237 442 2275 suam
460 2215 617 2294 proponit,
641 2217 708 2293 quia
727 2217 757 2272 in
787 2199 868 2270 neri.
892 2211 925 2266 1..
938 2209 990 2264 111.
1015 2224 1041 2265 o.
1057 2211 1098 2272 rt..
1125 2204 1213 2261 nob·
1244 2199 1294 2256 De

253 2304 338 2360 initio
347 2301 467 2378 legentis
477 2300 596 2356 Achillia
607 2301 687 2358 suvor
697 2308 758 2356 erat
788 2315 842 2356 usu
863 2291 1007 2358 indicativi
1021 2299 1051 2346 et
1065 2283 1235 2363 subjunctivi
1251 2283 1291 2343 V.

160 2451 164 2459 ,
251 2386 420 2464 captandus,
439 2401 523 2460 quern
537 2383 652 2460 quidem
662 2381 758 2442 Achil·
788 2376 923 2440 scheller.
950 2375 980 2432 in
1007 2375 1152 2454 Praecept·
1176 2366 1236 2430 Stil.
1260 2363 1292 2430 b.

239 2472 310 2530 'lem
328 2469 380 2528 sibi
399 2470 502 2526 iratum
520 2467 673 2542 credebat3
690 2467 757 2526 hinc
787 2463 846 2518 Lat.
863 2461 938 2516 Part.
953 2459 977 2515 l.
1004 2455 1227 2532 o.n.pag.153.
1259 2449 1262 2456 ⁴

250 2576 312 2614 non
327 2554 421 2612 statim
440 2553 476 2609 de
490 2571 525 2609 eo
542 2553 687 2628 queritur,
704 2553 756 2611 sed
822 2565 848 2619 9.
874 2545 963 2602 Simul
968 2585 976 2613 ,
1005 2561 1058 2619 pro
1078 2539 1203 2597 simulac.
1239 2534 1293 2596 Uti

252 2639 333 2698 addit
348 2643 376 2698 si
388 2639 444 2718 sus
460 2640 517 2709 sit,
535 2654 629 2712 neque
644 2646 755 2693 tantum
785 2628 886 2686 Horat.
907 2627 967 2686 Od.
986 2626 1056 2682 1..1.
1075 2622 1135 2683 Od.
1150 2644 1178 2698 9.
1203 2637 1245 2681 vs.
1260 2641 1291 2694 9.

251 2725 332 2795 dicit,
352 2729 377 2782 si
386 2721 446 2797 sas
466 2726 504 2784 sit
526 2727 622 2800 queri,
640 2720 691 2778 sed
702 2719 756 2783 mi.
786 2731 844 2796 seq.

250 2809 315 2868 nuit
332 2807 425 2865 adhue
446 2810 472 2862 si
484 2807 616 2883 mihisas
633 2809 675 2862 sit.
825 2823 840 2855 a
858 2838 1022 2860 .......
1041 2789 1100 2864 Qui
1118 2787 1203 2848 simul

305 2894 452 2970 Vimque,
486 2889 552 2966 quia
585 2907 631 2944 me
665 2887 754 2951 solam
820 2882 949 2960 §havere
968 2887 1068 2940 ventos
1090 2890 1214 2956 aequore
1231 2869 1291 2936 ser*-

249 2995 369 3038 urorem
384 2971 492 3036 habere
515 2969 673 3030 decrevisti·
691 2971 755 3028 liu·
856 2965 922 3024 vido

231 3059 324 3122 hert.
820 3047 1053 3126 Depreeliantes,
1084 3043 1137 3104 riec
1164 3037 1294 3116 cupressi

286 3166 311 3215 7·
330 3150 355 3200 8,
390 3145 477 3211 Non,
490 3158 541 3219 ego
551 3142 679 3217 poscenti
698 3148 753 3198 etc.
855 3123 1294 3203 Necveteresagitanturomi.'¹

248 3229 347 3288 Primo
376 3227 471 3304 itaque
503 3235 616 3284 excusat
652 3219 754 3278 Briseis
823 3221 979 3280 rorarunt.
996 3207 1134 3290 Exprimit
1146 3206 1292 3263 Graecum

248 3311 407 3382 Achillem,
424 3320 462 3374 ut,
470 3306 573 3374 minori
584 3326 648 3364 oum
664 3302 755 3362 olien-
785 3306 911 3382 κηρύσσειν
939 3297 1017 3375 quod
1035 3293 1182 3378 proprium
1206 3305 1295 3366 prae·

249 3399 330 3459 aione
342 3415 408 3455 eum
426 3392 493 3452 dein
514 3393 631 3450 iecuset.
655 3402 757 3466 Quam·
785 3407 895 3447 conum.
909 3386 1004 3442 Heius.
1023 3379 1180 3442 Praecones
1192 3381 1291 3430 autem

249 3489 297 3542 vit
319 3486 499 3561 torqueque
519 3479 603 3555 culpa
631 3487 681 3534 tau
706 3485 754 3536 est.
785 3474 871 3530 fuisse
888 3465 1050 3548 Eurybateu
1061 3473 1091 3517 et
1104 3454 1292 3535 Talthybium

251 3569 356 3628 &aaut
372 3577 428 3624 est:
446 3564 512 3626 Non
530 3575 579 3622 tua
592 3559 676 3638 culpe
692 3569 754 3630 est,
784 3565 864 3634 putet
881 3572 917 3610 ex
936 3550 969 3608 ll.
988 3551 1018 3606 L.
1028 3549 1051 3604 1.
1070 3565 1110 3604 vs.
1123 3547 1181 3600 aaa.

250 3653 329 3733 quod
351 3649 454 3710 tradita
480 3667 541 3706 sum
563 3647 754 3720 Agamemno·
823 3659 862 3696 rr.
884 3655 922 3692 ra.
950 3635 1036 3691 Alter
1055 3635 1086 3688 in
1104 3630 1219 3686 alterius
1235 3633 1291 3686 ete.

249 3739 302 3808 ni,
319 3741 366 3794 md
391 3745 425 3791 ut
447 3729 501 3788 sibi
519 3729 665 3795 traderes,
685 3745 755 3803 pos·
785 3725 821 3782 Se
850 3724 970 3778 invicem
996 3717 1096 3772 iterato
1124 3711 1293 3786 aspicientes

192 3866 195 3876 .
247 3821 346 3892 oenti3
367 3835 540 3895 quamquam
562 3812 618 3870 hoc
640 3829 754 3886 quoque
785 3804 858 3864 nihil
873 3800 1016 3868 dicebant,
1036 3796 1087 3856 sed
1107 3793 1291 3864 admirantes,

250 3907 335 3985 eulpa
359 3914 408 3960 tua
428 3911 489 3972 est,
507 3897 586 3975 quod
613 3900 670 3954 cito
692 3914 755 3952 sum
787 3887 865 3965 quod
877 3898 935 3949 tam
947 3885 1001 3941 cito
1014 3881 1115 3938 tradita
1127 3895 1230 3947 essem,
1243 3874 1292 3932 ini

254 3991 358 4050 trudito
385 3991 462 4063 regi3
485 4004 553 4044 nam
578 3985 668 4038 vat-13
696 3975 756 4034 Bri·
787 3985 831 4028 ter
847 3989 877 4027 se
894 3977 965 4026 nutu
980 3963 1175 4042 quaerebant,
1193 3969 1292 4027 nostes

245 4071 309 4150 ¹reia
325 4070 440 4146 scribit,
463 4062 510 4133 rel
530 4063 649 4131 scrihere
662 4059 757 4140 ¹lingi-
788 4057 836 4122 ubl
853 4066 924 4120 osset
941 4069 1046 4125 amora
1070 4049 1090 4108 b
1111 4067 1136 4108 e.
1155 4041 1293 4108 videbant
