2760 4822
198 374 337 470 ‚aaa
481 371 1129 475 narsaeusoumesa„

267 555 451 626 deseruerat,
469 564 521 612 aec
540 555 598 616 diei
618 549 713 616 aestus
734 575 787 616 uec
812 561 901 618 nouis
921 560 1029 638 frigora
1053 583 1235 636 recusaverat
1259 594 1319 634 uno

265 657 369 716 quam3
387 637 489 718 quibus
508 639 608 716 studiis
635 641 752 701 maritus
777 657 943 722 caperetur,
968 649 1070 709 iisdem
1091 672 1124 712 se
1147 667 1238 716 totam
1256 671 1312 718 tra·

264 721 393 792 diderat,
418 735 464 792 et,
489 723 568 798 quod
600 725 631 784 in
655 727 791 787 amicitiae
811 729 1074 812 conjunctionisque
1104 743 1310 806 necessitudine

263 804 323 864 cie
344 805 380 864 de
399 805 489 862 Amic
507 824 530 864 c.
545 828 586 865 ao.
603 809 757 872 maximum
774 825 875 894 putat,
892 821 1024 897 superior
1042 843 1074 883 ss
1096 844 1162 888 cum
1185 829 1311 894 inferiori

260 869 486 968 exaequaverat,
505 889 720 970 Nymphaeum
738 911 858 974 pastore.
890 951 893 958 .

297 975 321 1046 g.
339 993 363 1046 p
399 975 471 1046 Quis
490 975 586 1050 itaque
603 988 664 1050 est,
682 981 812 1056 quicum
830 983 953 1046 Oenone
970 1008 1034 1050 sese
1050 1014 1163 1056 summa
1182 999 1310 1079 indigns·

257 1055 337 1116 tione
365 1059 474 1119 moueri
503 1081 563 1118 non
592 1063 716 1134 sentiat,
745 1067 824 1142 quod
852 1068 949 1144 Paris,
976 1076 1026 1136 illa
1057 1083 1166 1159 optima
1189 1089 1310 1164 eonjuga

228 1180 231 1185 -
256 1151 374 1220 spreta,
399 1141 562 1222 inpudicam
578 1145 712 1222 pellicem
730 1167 827 1208 secum
850 1153 994 1232 duxisset,
1014 1166 1112 1240 eujus,
1132 1168 1217 1228 etiam
1242 1183 1309 1228 ante

254 1225 372 1302 nuptias
388 1246 453 1286 cum
468 1227 599 1288 Menelao
620 1230 824 1303 initas,'dubia
841 1237 941 1299 fuisset
958 1247 1114 1322 pudicitia,
1129 1271 1218 1329 eaque
1231 1274 1311 1312 sean-

252 1325 311 1383 per
327 1309 399 1382 uita,
417 1323 450 1368 ut
466 1311 538 1370 fides
550 1311 576 1370 ei
586 1311 685 1374 haberi
700 1316 780 1377 nullo
795 1335 877 1398 paeto
894 1342 999 1403 posset
1024 1335 1147 1411 Quidni,
1165 1351 1197 1396 ut
1207 1339 1322 1398 Oeno··

255 1385 446 1472 ne'Nympha
463 1415 528 1455 cum
541 1411 657 1476 pastore
678 1402 782 1466 Paride
800 1405 906 1470 alteia
927 1413 1014 1474 foeno
1032 1421 1178 1495 jacuerat,
1195 1423 1235 1481 its
1255 1425 1311 1486 Pe·

254 1473 294 1549 ris
305 1518 314 1545 ‚
338 1475 420 1556 Regis
441 1479 517 1560 iilius
538 1483 649 1560 agnitus
668 1485 832 1566 Nympham
855 1492 886 1552 in
903 1498 1016 1573 regium
1041 1514 1137 1562 torum
1157 1508 1310 1568 admittere

254 1547 417 1636 debuisset,
426 1569 593 1644 praesertim
605 1588 670 1626 cum
680 1570 817 1634 Oenones
827 1597 928 1638 manus
938 1595 1050 1662 sceptra
1060 1589 1161 1648 decere
1170 1600 1311 1670 possent?

275 1643 322 1712 ,Si
337 1665 405 1706 vero
427 1649 527 1710 rudior
542 1651 614 1711 haec
634 1666 712 1718 actas
731 1657 856 1738 Principi
878 1665 983 1728 iuveni
1005 1669 1177 1750 adulterium
1196 1679 1311 1744 condo-

252 1719 321 1805 nat5
344 1732 453 1807 patriae
474 1746 569 1796 manen
604 1739 796 1816 proditionem
819 1757 848 1802 et
878 1751 1034 1825 perniciem
1063 1776 1129 1818 eum
1162 1760 1312 1824 adulterae

251 1811 426 1890 posthabere
446 1820 579 1888 Paridem
598 1823 715 1898 viderit,
732 1827 883 1890 serendum
906 1837 971 1912 quis
988 1847 1094 1918 putet?
1365 1885 1366 1890 κ

274 1883 313 1974 fg.
334 1922 374 1974 ιο.
404 1903 546 1978 Ωιιιιιινίι
570 1927 639 1968 vero
659 1909 745 1975 haee,
761 1912 801 1978 ita
826 1923 948 1980 sesain
966 1924 1068 1986 Paride
1096 1927 1237 2006 habeant,
1261 1934 1311 1996 vel

251 1971 292 2040 sie
312 1983 342 2038 iu
362 1983 471 2044 Paridis
495 2011 592 2049 amore
615 1992 739 2053 Oenone
763 2001 910 2077 persistit,
939 2018 969 2063 et
988 2014 1134 2088 queritur,
1159 2017 1238 2092 quod
1259 2039 1311 2078 ars

241 2067 379 2142 Medica,
397 2091 484 2148 quam
506 2076 613 2152 Apollo
634 2079 665 2134 iu
686 2080 839 2156 pudicitiae
855 2109 872 2146 a
891 2107 923 2145 se
941 2111 996 2168 per
1014 2114 1153 2156 summam
1173 2103 1231 2161 vim
1250 2106 1311 2182 ipsi

248 2165 368 2232 ereptae
389 2153 523 2216 solatium
540 2160 716 2237 tradiderat,
733 2186 832 2228 omnes
845 2171 961 2234 morbos
972 2180 1080 2256 pellere
1091 2187 1201 2262 possit,
1220 2207 1310 2250 suum

248 2228 377 2300 amorem
399 2261 458 2299 non
483 2245 579 2320 possit
617 2249 812 2321 Quamobrem
837 2275 891 2332 per
911 2279 1059 2337 amorem,
1087 2291 1144 2347 quo
1169 2273 1309 2336 Paridem

249 2313 334 2381 antea
356 2338 507 2400 prosecuta
526 2339 603 2400 erat,
629 2343 659 2389 et
684 2334 787 2416 adhuc·
803 2343 1005 2421 prosequitur,
1028 2350 1107 2410 illum
1127 2353 1310 2434 obtestatur,

248 2413 298 2478 ut,
314 2402 424 2468 Helena
441 2413 518 2488 justo
537 2414 603 2500 viro
621 2417 750 2494 reddita,
772 2422 863 2502 ipsam
887 2430 984 2491 denuo
1006 2456 1102 2496 amere
1118 2453 1229 2517 pergat.

245 2645 488 2754 Perennem?
510 2709 554 2752 an
578 2690 706 2778 conjux
725 2693 891 2785 probibet
909 2708 1025 2774 nova?
1041 2707 1197 2800 perlege:
1224 2739 1305 2788 non

272 2806 278 2815 ·
310 2789 380 2857 Ista
401 2789 590 2882 Mycenaea
610 2799 711 2869 litera
733 2803 824 2872 facta
844 2833 971 2900 manu,
1222 2821 1308 2910 (est

273 3034 349 3106 :Va
375 3053 398 3092 1.
452 3039 619 3118 Pelagio?
665 3047 755 3111 futuri
786 3059 947 3136 cognitione
977 3061 1206 3126 instructissimus
1226 3067 1306 3131 mihi

245 3121 383 3197 temporis
419 3123 546 3182 notione.
591 3127 756 3196 Praesentia
787 3143 904 3218 quidem
933 3148 1044 3206 Paridis
1071 3147 1304 3228 indignationem

244 3201 340 3275 enim,
371 3205 548 3266 Graecorum
577 3211 755 3296 imitatione,
788 3239 819 3284 et
848 3229 1011 3308 superbiam
1040 3254 1156 3294 movere
1189 3236 1305 3296 voluis-

243 3287 356 3364 ffiplut
377 3309 431 3367 pro
450 3291 550 3350 sulum
574 3301 644 3374 poni
668 3303 752 3365 docet
784 3313 971 3391 assidetur,
1006 3330 1040 3376 ut
1065 3317 1218 3379 corbonam
1250 3321 1306 3382 hic

242 3369 411 3433 Veehnerus
432 3375 544 3436 Hellen.
565 3381 598 3440 L.
616 3385 638 3442 1.
666 3407 687 3445 e
712 3401 752 3463 ¹4·
784 3397 820 3454 sit
838 3419 954 3458 sensus:
982 3405 1047 3472 Tu,
1075 3403 1155 3478 Pari,
1176 3407 1304 3468 auima-

241 3475 306 3534 pag·
338 3477 376 3516 m.
414 3465 471 3519 155.
524 3465 752 3549 Interrogautem
783 3483 839 3539 rito
858 3487 1010 3562 equidem,
1029 3494 1247 3568 conjunctus,
1266 3493 1306 3556 in

242 3553 344 3597 antem
368 3544 527 3604 orationem
550 3551 684 3629 pluribus
711 3561 755 3619 lo-
786 3568 917 3627 omuibus
940 3571 1044 3644 rebus,
1062 3587 1095 3630 ut
1118 3577 1194 3654 piam
1222 3597 1303 3634 uxo·-

241 3625 283 3682 cis
304 3628 410 3702 majori
435 3629 472 3686 ad
494 3633 619 3696 adiectus
636 3663 753 3703 movcn·
784 3651 967 3728 reau'decet,
985 3653 1118 3714 obsecuta
1143 3661 1206 3732 sui3
1231 3680 1303 3722 om-

241 3709 295 3767 dos
313 3710 576 3790 vigatrderequam
595 3725 752 3787 adfirman·
784 3755 851 3794 nem
884 3740 955 3797 adeo
982 3741 1043 3804 Viri
1067 3744 1234 3820 dignitatem
1265 3759 1304 3806 et

240 3803 300 3872 ²⁸¹¹}
323 3806 353 3850 θῑ
374 3793 441 3853 alibi
460 3797 587 3862 Vidimus·
618 3811 655 3873 V·
676 3815 752 3872 lon·
781 3824 977 3880 auctoritatem
1010 3829 1132 3902 exuisti,
1155 3831 1193 3886 ita
1218 3831 1305 3888 mol-

240 3877 324 3954 giuus
346 3881 406 3956 Op.
425 3881 443 3938 l.
469 3877 597 3946 stret-18.
781 3903 816 3961 lis
830 3919 859 3963 et
877 3910 990 3966 uxorius
1009 3911 1098 3970 sactus
1120 3935 1167 3982 es,
1189 3915 1227 3968 ita
1248 3925 1304 3970 to·

274 3965 438 4042 Arteonjue
448 3971 683 4043 prolubetnova?
699 3983 750 4041 His
782 3999 842 4045 tum
869 4001 897 4047 te
915 3993 1077 4070 Helenae,
1104 4017 1193 4056 novae
1212 3996 1301 4054 scili-

239 4043 333 4108 serbis
346 4048 468 4110 Ouidius
483 4053 586 4116 indolis
606 4061 749 4129 huauuuac
780 4085 824 4132 cet
849 4079 982 4154 conjugi,
1009 4083 1165 4156 tradidisti,
1187 4092 1218 4139 ut
1238 4081 1301 4146 tibi

267 4150 272 4172 l
