2760 4822
299 392 596 483 oenone
651 407 927 483 Pastor.
1073 411 1137 482 ns

81 595 190 654 fiunis
214 601 278 666 est,
296 607 348 666 nt,
367 615 433 653 cam
460 605 586 654 enecata
605 603 703 652 contra
730 587 880 652 beluarum
907 587 1037 674 inpetuni
1057 589 1135 670 opti·

83 698 132 734 me
157 691 188 734 et
207 678 359 736 sanissime
375 681 553 756 defenderet,
571 697 675 735 nomen
695 679 853 738 Alexandri
873 676 915 736 illi
936 677 1083 736 inderetur
1097 673 1135 734 ab

81 765 180 830 Mb
195 763 315 820 auxilior
330 773 360 820 et
378 767 438 836 bip
460 764 503 820 vir
519 763 572 839 (cl.
590 761 705 822 Heroid.
722 766 773 840 ΕΡ.
787 761 865 820 XVI.
884 781 924 820 rs.
938 762 1021 840 356)

122 853 192 921 §e
228 850 294 918 Qua
315 857 348 904 ut
373 846 498 924 eorporis
516 850 554 904 ita
576 847 662 904 animi
680 847 793 904 dotibus
814 865 879 903 euro
901 865 1006 904 nomen
1023 841 1134 902 Paridis

82 931 144 988 sire
168 931 321 988 Alexandri
344 931 374 986 in
391 929 459 986 Idae
488 931 560 1006 jugis
585 929 794 1002 eeleluaretur,
820 929 884 1006 quis
905 929 1033 1000 dubitet,
1063 925 1135 1004 quin

82 1014 149 1070 Jovi
159 1015 377 1084 mineruae,
393 1014 476 1070 Hom.
493 1013 526 1070 ll.
537 1013 664 1084 xx1v.‚
681 1011 846 1070 innotuerit.
865 1015 947 1088 Quae
957 1012 1071 1099 quidem
1083 1031 1137 1068 no-

82 1098 145 1154 titia
176 1111 206 1154 et
221 1097 317 1154 Paridi
337 1097 453 1154 exitiosa
467 1097 520 1154 suit
534 1111 564 1156 et
581 1099 728 1156 Oenonae.
763 1097 894 1168 Etenim,
921 1114 984 1154 cum
1002 1095 1032 1152 in
1056 1093 1137 1152 Pelei

82 1194 114 1238 et
142 1181 351 1258 Hippodamiae
372 1181 499 1257 nuptiis,
523 1181 560 1238 ad
588 1201 658 1258 quas
682 1199 781 1240 vocare
812 1179 997 1257 neglexerant
1021 1179 1136 1237 Eiidem

80 1267 144 1322 sire
164 1267 256 1322 Litem
285 1265 393 1334 Deam,
419 1263 505 1336 isitius
528 1284 639 1342 opere,
668 1271 753 1322 aureis
778 1265 874 1336 malo,
900 1265 944 1322 cui
970 1265 1136 1344 inscriptum

81 1361 147 1406 emt
181 1349 292 1406 edetur
313 1347 476 1426 pulcriori”
505 1347 535 1406 in
558 1349 665 1406 medias
689 1349 765 1406 Dens
793 1349 957 1419 iunonem,
976 1347 1136 1414 Minervam

77 1445 113 1491 et
134 1435 278 1491 Venerem
299 1437 449 1510 projecto,
467 1431 542 1492 inter
562 1431 645 1490 hasne
662 1431 699 1489 de
716 1431 907 1510 pulcritudine
925 1444 1067 1496 certamen
1086 1444 1149 1491 or·'

80 1527 150 1574 tam
170 1528 257 1586 esset,
274 1515 311 1574 ad
330 1515 461 1586 Paridis,
478 1517 579 1593 optimi
600 1515 755 1574 formarum
775 1515 958 1596 spectatoris,
986 1515 1152 1584 arbitrium·

79 1611 226 1660 nemetes
244 1601 357 1676 Jupiter
372 1598 530 1676 delegavit,
547 1599 627 1674 eujus
645 1601 669 1656 is
691 1601 783 1656 esitus
801 1599 869 1670 suit,
888 1611 936 1675 nt,
953 1603 1086 1678 quemvis
1104 1601 1137 1669 in

81 1705 148 1742 suas
172 1695 271 1761 partes
288 1681 473 1761 pertrahere,
490 1682 637 1760 potestatis
659 1683 845 1760 promissione
863 1685 957 1756 iuno,
981 1686 1139 1769 sapientias

78 1767 215 1826 linem
234 1777 430 1837 conarentur,
449 1767 589 1826 victricem
609 1765 767 1824 declareret
788 1767 953 1842 Venerem,
973 1787 1047 1846 quae
1066 1769 1138 1848 pul.

81 1853 235 1908 oermmam
255 1849 311 1926 ipsi
332 1849 460 1926 pollicita
488 1859 564 1908 emet
588 1867 728 1921 uorem,
744 1848 902 1922 lielensm,
930 1853 1113 1930 Tyndariden
1126 1889 1154 1923 .-
1257 1869 1259 1874 ·

78 1953 116 1992 er
136 1933 240 2005 tzela,
269 1933 397 2010 Tyndari
420 1933 469 1996 vet
496 1933 639 2014 tyndarei
661 1933 779 2014 Spartae
801 1934 877 2014 rogis
898 1953 1008 2010 uxore,
1028 1957 1047 2004 a
1065 1938 1138 2000 toro

77 2018 240 2097 gravidata.
356 2049 358 2052 ·

113 2108 140 2177 ς.
161 2123 190 2172 7.
225 2099 338 2160 Adcidit
354 2121 425 2163 vem
441 2103 613 2184 aliquando,
630 2115 664 2163 ut
680 2103 829 2174 Paridem,
848 2111 981 2178 norum,
1000 2121 1086 2182 quem
1108 2103 1140 2168 in

75 2187 201 2247 delitiis
224 2185 362 2259 mutat,
391 2200 458 2246 ente
486 2209 518 2246 se
548 2199 678 2267 agentem
708 2198 951 2266 consequerentur
979 2185 1140 2264 Troianis

75 2272 228 2341 Priamo,
245 2283 278 2328 ot
293 2271 428 2332 eximium
449 2273 552 2333 bovem
574 2283 761 2350 quaererent,
783 2273 878 2345 missi,
896 2292 954 2350 quo
975 2273 1094 2330 donaret
1107 2275 1139 2334 in

76 2355 159 2413 ludis
188 2353 354 2412 funebribus
374 2355 531 2430 rictorem,
557 2377 630 2434 quos
651 2357 681 2413 its
707 2359 872 2416 mernoriam
903 2356 1033 2432 Paridis,
1051 2379 1138 2435 quesn

75 2451 231 2501 mortuum
260 2439 409 2511 (sedebat,
436 2440 629 2500 celebraturus
658 2453 727 2500 erat
762 2443 932 2519 Legntorum
961 2442 1058 2500 oculos
1085 2463 1138 2502 sua

74 2525 172 2602 specte
200 2525 232 2582 in
252 2543 283 2581 se
305 2527 446 2589 convertit
465 2537 571 2588 nurus.
605 2523 646 2580 Ut
665 2526 820 2596 viderunt,
838 2537 871 2584 ut
891 2523 922 2594 vi
938 2537 1069 2603 ereptum
1087 2525 1139 2582 ab·

71 2611 235 2666 dmernut.
271 2609 456 2667 Abducentes
479 2621 643 2688 persecutus
667 2622 710 2667 est
730 2609 827 2679 Paris,
845 2607 912 2684 qui,
931 2627 996 2666 eum
1017 2608 1044 2667 vi
1066 2609 1139 2682 nihil

73 2690 1140 2862 tfflfifftstttetiss‘tsttt‘ettt‘ttt‘:,tit‘tttgss

74 2861 119 2918 dis
137 2862 222 2918 ludis
243 2861 282 2918 de
302 2861 421 2938 praemii
440 2862 564 2922 ‘honore
591 2863 755 2921 decertaret
803 2861 932 2924 Certanti
954 2859 1007 2920 nee¹
1027 2865 1136 2937 virtus,

72 2965 126 3003 nec
145 2948 271 3003 fortuna
289 2945 387 3003 defuit
421 2947 573 3008 Hectorem
590 2949 684 3025 ipsum
704 2949 787 3018 vicit,
806 2947 855 3024 qui
870 2967 886 3004 a
902 2957 1017 3024 pastore
1033 2949 1139 3023 juvene

69 3049 102 3086 ec
126 3031 242 3090 rictum
267 3030 368 3088 ridens
394 3029 517 3110 dedecus
543 3053 627 3092 sirum
657 3031 768 3092 victoris
798 3031 936 3108 sauguine
959 3031 1139 3102 eluereno-

72 3113 142 3185 luit,
177 3125 212 3170 et
230 3111 304 3169 dum
330 3111 462 3170 Paridem
488 3117 584 3174 stricto
611 3115 705 3194 gladio
726 3127 961 3194 persequeretur,
982 3119 1162 3192 conspectis·

70 3201 155 3256 certis
177 3195 346 3279 insignibus
363 3209 393 3254 et
413 3199 550 3278 gemmis,
569 3221 640 3278 quas
658 3201 773 3260 Hecuba
793 3198 901 3277 pastori
921 3200 982 3274 ejus
1002 3197 1162 3276 educmou,

68 3287 96 3340 η’
121 3283 306 3355 tradiderat,
328 3281 445 3338 fratrem
458 3283 580 3359 agnovit.
616 3287 681 3357 Quo
695 3285 829 3360 cognito,
846 3283 996 3354 Priamus,
1014 3283 1138 3352 fetorum
1161 3342 1164 3352 ,

66 3369 242 3437 inmemor,
269 3365 404 3432 Paridem
425 3365 538 3440 lilium,
558 3380 688 3442 uteret,
707 3369 747 3434 ita
767 3367 866 3434 haberi
886 3369 977 3444 jussit,

105 3445 180 3527 5‘8.
223 3451 305 3514 Ante
328 3452 499 3532 agnitionem
531 3473 598 3513 vero
622 3454 691 3512 dum
716 3455 746 3512 in
772 3453 825 3510 Ida
852 3461 997 3530 pastorem
1021 3468 1141 3536 ageret,

66 3547 273 3612 mmmtaque
295 3535 332 3593 ad
349 3531 448 3592 ¹sontes
472 3549 502 3596 et
520 3537 620 3598 fluvios
641 3551 674 3606 ut
699 3537 776 3600 sitim
794 3535 926 3602 levarent
953 3542 1067 3618 saepius
1092 3543 1143 3602 ad·

65 3623 220 3690 duoeret,
238 3619 290 3679 vel
307 3620 367 3697 ipse
388 3620 463 3678 inter
482 3621 610 3698 palantes
635 3622 723 3682 bores
745 3619 782 3684 ad
803 3619 868 3686 illos
890 3632 1006 3684 mutans
1028 3625 1165 3685 adsidee.

64 3717 132 3776 rer;
154 3702 236 3784 quid
256 3701 385 3780 minim,
408 3705 432 3770 si
458 3703 599 3776 Oenone,
623 3726 726 3784 magno
751 3705 788 3762 dc
816 3703 933 3765 flumine
958 3709 1053 3778 edita,
1078 3709 1144 3768 lon·

62 3789 141 3846 tium
162 3807 312 3866 praeses,
331 3787 445 3865 Pegasis
473 3795 582 3866 (quam
615 3789 782 3876 Propertius
800 3788 842 3846 Ei
870 3789 951 3850 nn.
976 3791 1070 3858 Elei.
1098 3811 1140 3860 vs.

64 3889 109 3948 gn:
142 3877 249 3932 Deam
271 3883 303 3928 et
323 3879 364 3948 96.
381 3874 482 3940 Naida
503 3877 599 3947 vocat)
617 3885 779 3960 praestante
801 3871 910 3932 Paridis
928 3875 1018 3938 sonna
1035 3877 1074 3934 ita
1095 3893 1144 3938 cs·-

1 4007 2 4030 ,
64 3969 216 4034 per-etur,
237 3969 274 4014 ut
293 3959 323 4015 in
344 3957 434 4038 ipsius
456 3956 667 4019 inatrimonium
687 3959 859 4020 concederet
894 3957 931 4016 In
949 3978 1006 4034 quo
1026 3958 1144 4034 quidem

63 4043 267 4102 metrimonio
292 4059 354 4102 sese
376 4041 417 4108 ita
437 4044 592 4119 praestitit,
615 4041 757 4102 othonus
782 4041 899 4102 maritus
919 4063 935 4108 ‚a
956 4045 1004 4120 pia
1024 4043 1166 4116 conjuge„

1 4197 2 4222 ᾖ
62 4129 157 4212 plura
175 4137 351 4210 exspectare
380 4145 443 4186 non
471 4138 574 4205 posset
618 4127 730 4274 Etenipls
763 4125 855 4186 mariti
884 4125 959 4190 tatus
989 4144 1147 4214 nunquam
