2736 4828
234 298 329 427 'trt
381 345 674 422 sr1st’ont
702 343 922 416 nectua
954 344 1200 426 ocravt.

295 589 298 601 ’
391 580 785 706 sermone
838 570 1175 709 mortem.

571 856 1009 948 laconensem

303 1105 330 1178 s.
349 1115 372 1161 t.
405 1099 534 1160 leander
551 1095 669 1174 Abydo,
686 1092 758 1154 urbe
773 1093 810 1154 ad
826 1093 969 1155 'orientale
985 1093 1240 1174 transmearem,
1256 1105 1287 1162 si·

272 1197 320 1260 ta,
339 1185 491 1268 oriendus,
509 1185 601 1242 Hems
622 1181 651 1238 iu
673 1180 744 1239 urbe
759 1178 856 1248 Sesto,
872 1199 947 1258 quae
964 1179 994 1240 in
1014 1178 1143 1257 obposita
1154 1184 1284 1260 litoreis·

271 1271 373 1341 sabat,
389 1279 473 1328 natae
490 1282 586 1326 amatre
608 1264 756 1335 mutua,
772 1283 885 1340 quaque
905 1274 1007 1336 noete,
1032 1265 1105 1336 laos,
1122 1288 1204 1343 qum
1221 1271 1285 1328 fluo

273 1375 310 1414 ex
331 1365 414 1434 pacto
435 1355 466 1410 in
486 1369 558 1430 rupe
581 1349 705 1427 quadem
732 1348 890 1409 adcendere
909 1347 1038 1418 sabbat,
1067 1351 1158 1422 duce,
1178 1353 1286 1412 uaeadu

270 1440 398 1508 fretum,
420 1445 528 1512 septem
549 1435 723 1502 andiomn,
749 1432 827 1508 qnod
846 1432 970 1508 Abydon
994 1455 1011 1490 a
1038 1433 1120 1498 Sesto
1136 1434 1287 1513 separabat,

273 1523 400 1596 entim
413 1517 540 1590 ,solebam
556 1534 644 1595 qum
658 1515 739 1574 aliter
757 1514 819 1573 fieri
835 1528 1039 1598 uon-potarat,
1055 1519 1147 1594 quin,
1159 1532 1220 1578 am
1230 1532 1287 1578 tn-

273 1618 384 1686 pertate
401 1623 433 1664 ac
446 1603 586 1664 saeviente
603 1601 688 1672 mari,
704 1597 786 1658 aditu
799 1599 837 1658 ad
853 1598 969 1660 amicata
980 1600 1179 1676 prohiberetur
1188 1609 1286 1673 amur.

272 1687 350 1764 quod
371 1687 604 1764 impedimentum
628 1686 745 1744 alteram
770 1683 859 1748 altero
880 1681 1072 1752 vehementius
1095 1687 1241 1758 movebat,
1263 1705 1288 1746 ae

272 1771 470 1853 ffloufiebat'

306 1857 371 1930 §.a
404 1852 542 1926 Qutmvis
561 1863 662 1912 mutuo
679 1849 863 1910 Leander-et
881 1851 956 1912 Hero
978 1850 1116 1910 ardebant
1138 1871 1241 1924 amore,
1257 1853 1289 1910 la-

272 1938 365 1998 ciebat
393 1950 489 1996 tamen
513 1948 542 1994 et
567 1937 693 2000 ditemus
717 1934 842 2011 corporis
870 1933 983 1994 babitus
1003 1947 1036 1994 et
1061 1937 1173 1996 divorsa
1194 1936 1293 1996 vivendi

272 2024 366 2093 ratio,
383 2033 415 2080 ut
432 2019 520 2080 altera
541 2021 641 2096 majori
660 2040 750 2096 quum
775 2018 847 2077 ulter
867 2018 1011 2079 interclusi
1031 2019 1124 2083 editus
1140 2021 1235 2080 dolore
1250 2021 1291 2080 td·

272 2105 412 2168 ficeretur.
446 2107 574 2164 ffeneme
591 2106 668 2166 enim
687 2101 805 2180 virginis
818 2102 945 2174 animus,
963 2103 1042 2165 domi
1058 2125 1125 2164 urm
1142 2105 1244 2164 nutrice
1254 2123 1289 2162 ae·

273 2191 367 2252 dentis
395 2209 427 2248 ac
458 2189 512 2250 soli
532 2187 654 2250 lanificio
676 2188 801 2244 intentae
832 2186 879 2244 vel
903 2185 1024 2246 absentis
1047 2188 1171 2248 amastis
1194 2188 1290 2250 deride

270 2275 314 2334 rie
335 2273 422 2349 tnagis
442 2271 620 2350 quatiebatur
643 2271 690 2330 vel
708 2283 788 2328 metu
807 2267 986 2348 cogebatis,
1002 2289 1056 2342 ne,
1075 2271 1206 2347 periculis
1223 2292 1289 2349 spra-

230 2399 232 2404 -
272 2357 324 2427 tia,
340 2355 379 2414 ad
403 2373 434 2414 so
461 2373 514 2434 per
534 2356 698 2433 inpetuosas
719 2355 810 2415 undas
833 2365 1001 2432 properaret
1026 2355 1227 2416 diuturniorem
1246 2357 1290 2414 ab·
1345 2373 1346 2380 ¹

270 2440 390 2502 undam
412 2459 473 2498 nou
491 2440 585 2498 ferens
607 2439 754 2510 Leander,
780 2437 831 2513 qui
847 2437 962 2496 duriore
982 2439 1118 2515 corporis
1133 2441 1287 2506 constitutio·

271 2543 324 2597 ne,
342 2533 372 2582 et
390 2524 494 2596 variis,
512 2523 616 2600 quibus
633 2520 835 2590 distinebatur,
856 2521 1106 2597 obcupationibus,
1126 2525 1190 2580 licet
1205 2527 1289 2582 arden-

273 2607 379 2666 tissimo
399 2607 532 2684 flagraret
553 2623 667 2676 amore,
684 2605 790 2664 facilius
820 2601 975 2664 absentiam
998 2607 1071 2666 serre
1096 2619 1226 2686 poterat,
1247 2623 1289 2662 nec
1344 2651 1345 2662 ,

270 2687 393 2756 babebat
402 2733 412 2759 ,
432 2691 510 2766 quod
529 2690 632 2750 amicae
651 2690 771 2746 timeret.

258 2841 259 2846 ἵ
305 2780 329 2852 5.
348 2779 372 2834 3.
406 2771 516 2830 Accidit
536 2784 650 2842 autem,
669 2783 701 2828 ut
722 2781 872 2848 tempestas
890 2772 984 2828 denno
1005 2781 1066 2829 orta
1091 2773 1176 2830 solito
1195 2773 1288 2854 longius

271 2859 407 2928 saeviret,
426 2875 514 2934 quare
535 2855 680 2926 Leander,
698 2855 816 2924 timens,
832 2873 868 2910 ne
888 2855 960 2912 sorte
979 2857 1073 2928 Hero,
1091 2856 1132 2913 nit
1145 2857 1196 2914 nisi
1207 2875 1289 2913 aman·

271 2945 305 3000 tit
325 2939 479 3004 absentiam
495 2935 634 3014 cogitans,
660 2935 758 2996 salsam
781 2939 842 3014 ejus
864 2957 975 2996 causam
998 2941 1053 2998 sibi
1069 2939 1208 3017 lingeret,
1230 2939 1290 2994 hano

202 3037 204 3046 ’
270 3027 387 3082 adeam
408 3021 592 3100 perscriptam
613 3020 762 3096 epistulam
782 3023 881 3078 audaci
903 3035 1027 3096 nautae,
1046 3025 1147 3086 Seston
1170 3024 1290 3098 navigan·

268 3111 305 3179 ti,
323 3107 421 3178 dedit,
449 3104 525 3162 unde
557 3103 685 3174 videret,
713 3124 799 3162 unam
820 3105 891 3166 coeli
913 3125 945 3162 ac
967 3107 1051 3165 maris
1072 3109 1215 3166 saevitiam
1235 3126 1291 3162 cau·

269 3213 327 3250 sam
346 3209 424 3260 esse,
443 3205 515 3264 quac
538 3186 649 3263 ipsum,
668 3205 704 3244 ne
720 3207 749 3244 sc
763 3189 834 3245 mari
850 3190 1050 3261 committeret,
1069 3192 1217 3270 inpediret
1247 3189 1292 3246 Eo·

270 3275 446 3330 dementem
465 3291 495 3328 se
519 3269 611 3328 adhuc
635 3272 665 3327 in
690 3270 767 3328 illam
789 3271 858 3328 ferri
881 3293 998 3346 amore,
1017 3279 1147 3350 quamvis
1170 3276 1291 3352 oblique,

268 3353 425 3434 significat,
448 3373 511 3411 cum
534 3355 626 3412 varios
650 3353 735 3410 animi
765 3354 903 3413 describat
927 3358 1073 3432 adlectus,
1104 3359 1206 3439 quibus
1228 3375 1293 3416 nunc

269 3441 306 3502 ad
330 3439 432 3500 fretum
452 3439 618 3495 tranandum
647 3435 818 3512 inpellatur,
842 3457 917 3496 nunc
941 3461 956 3496 a
975 3441 1133 3518 periculoso
1162 3465 1229 3502 ausu
1249 3445 1293 3499 de·

268 3533 426 3591 terreatur,
443 3523 558 3578 tandem
576 3519 710 3597 longioris
734 3539 830 3576 morae
850 3521 1141 3598 inpatiensadfirmet
1157 3527 1291 3590 futurum,

141 3633 143 3638 ·
267 3621 318 3682 ut,
336 3607 461 3684 quamvis
488 3621 545 3660 non
569 3603 824 3677 desaeviatmare,
842 3616 937 3664 tamen
951 3625 1004 3686 ptr
1026 3609 1132 3670 medios
1153 3611 1248 3666 fluctus
1266 3625 1292 3663 ac

268 3693 392 3772 pericula
410 3691 445 3746 ad
467 3690 609 3746 Heronem
631 3687 784 3764 perveniat.

302 3781 324 3847 5.
343 3783 370 3844 t.
406 3774 490 3846 Quod
509 3771 664 3848 suspicatus
683 3781 744 3826 erat
765 3773 908 3844 Leander,
922 3775 1026 3833 accidit.
1045 3777 1080 3836 In
1099 3773 1293 3856 epistolaenim

265 3856 442 3933 responsuris
472 3857 625 3932 adparuit,
646 3853 790 3910 Heronem
812 3857 905 3934 ipsum
935 3859 1059 3918 desidiae
1088 3879 1120 3918 ac
1146 3857 1292 3918 timiditatis

266 3957 414 4010 accusare,
441 3939 491 4000 mi
513 3938 564 4008 it,
591 3938 670 4015 quod
689 3938 772 3994 toties
799 3959 884 3998 ausus
907 3955 1000 4015 esset,
1018 3946 1192 4024 tempestatis
1214 3939 1292 3999 vebs·
1339 3989 1340 4021 ἢ

265 4021 399 4089 mentium
418 4029 601 4098 praeterens,
625 4040 701 4078 nuuc
724 4021 951 4098 subterfugeret,
978 4045 1036 4104 quo
1061 4031 1120 4108 ipso
1143 4020 1293 4088 ardentissi-
