2768 4834
113 443 116 450 .
206 419 268 489 ,φ
414 361 1039 453 nrrsronaserrrua:
1151 320 1169 382 Ψ

207 578 395 653 Audieram
414 587 559 650 rocem3
583 558 760 652 Nymphae
780 555 927 624 ululasse
947 553 1086 649 patavia
1209 551 1253 642 95
1271 549 1275 556 ⁴

169 731 174 741 ·
272 675 478 752 Eumenides
499 671 577 739 fatie
597 668 694 754 signa
714 659 844 740 dedere
863 661 960 730 meis.
1074 689 1075 694 ¹

208 796 315 881 Exige
334 791 423 856 ia'ese
442 778 558 876 pudor
578 795 731 866 poenae,
752 769 876 840 violate
897 770 1067 840 Sicbaece

233 979 239 994 ι
272 897 335 971 Ad
354 915 458 986 quem
478 888 494 979 (
505 911 560 957 me
577 879 784 986 miserami)
806 875 911 969 plena
931 875 1077 975 pudoris
1097 892 1151 946 ec·

245 1155 290 1229 94.
307 1132 613 1206 caenum-tuter,
630 1143 718 1206 quem
747 1129 855 1189 ultime
883 1143 944 1184 non
976 1123 1097 1184 dubium
1125 1133 1175 1184 eae
1201 1121 1258 1184 'Et

211 1236 292 1314 virg.
314 1233 471 1308 nigrantem
488 1218 611 1280 nimbum
635 1221 718 1272 vocat
747 1212 814 1272 ideo
830 1208 957 1270 medium
975 1208 1063 1289 elegit
1079 1227 1257 1270 sermonem:

139 1361 143 1370 ·
210 1325 284 1379 Aen.
299 1297 608 1377 niv.vs.120,ubi
629 1297 718 1355 inno·
749 1298 815 1376 quia
834 1305 901 1376 post
923 1293 1037 1372 nuptias
1056 1313 1133 1352 mors
1152 1309 1257 1358 conse*

213 1403 259 1462 nis
270 1409 330 1466 arte
340 1397 396 1454 hoe
406 1395 512 1452 iactum
529 1387 618 1446 docet.
644 1382 719 1448 cae·
749 1392 813 1442 outa
838 1389 889 1439 eet
924 1377 1062 1436 Nonnulli
1090 1379 1129 1436 ita
1155 1373 1260 1452 accipi·

211 1489 318 1549 mtewn
344 1481 381 1539 ad
403 1477 514 1539 γωδ.
540 1469 620 1532 LV.
645 1467 718 1524 aea
749 1475 824 1540 unt,
850 1463 930 1540 quod
950 1464 1059 1522 miore
1085 1471 1196 1528 veteres
1228 1459 1260 1516 in

199 1571 328 1631 Servius
346 1563 463 1642 exponit
479 1561 597 1638 nigrum.
750 1549 835 1610 sacris
854 1545 986 1607 dicebant
1004 1565 1039 1604 er
1057 1546 1168 1603 Graeca
1187 1561 1261 1599 con·

250 1655 356 1722 subitis
376 1645 515 1724 compulit.
547 1640 584 1696 In
602 1631 720 1710 adjecti-
751 1633 911 1695 suetudine.
929 1631 1003 1708 Ergo
1013 1624 1157 1690 uutzrwu
1166 1629 1264 1700 Nym·

214 1759 253 1800 ro
273 1735 345 1795 ratio
373 1725 466 1800 inest,
494 1741 583 1802 quare
607 1719 639 1776 in
667 1727 721 1776 an·
749 1715 925 1796 pirae‘quasi
943 1715 1108 1792 nuptiarum
1125 1729 1204 1777 sacra
1218 1729 1263 1768 ce·

215 1835 295 1881 tium
310 1813 443 1876 devenire
462 1815 605 1886 cogantur.
695 1820 697 1828 ’
751 1799 988 1870 lebrarimt¹etc,''
1018 1796 1149 1864 ctum
1163 1793 1201 1854 ad
1221 1811 1262 1856 vs·

207 1929 208 1932 ¹
253 1903 363 1979 95,96.
386 1895 542 1957 Audieram
558 1893 721 1950 vocemete.
756 1907 814 1959 ¹¹7·
830 1887 884 1964 Ep.
897 1885 936 1943 Π.
1205 1886 1208 1894 '

216 1990 337 2048 Faustus
346 1979 544 2062 Nympharum
555 1991 633 2030 meas
646 1989 723 2046 nup·
796 1977 839 2048 96.
867 1965 1175 2036 Eunaenides,G1-aeca
1190 1979 1264 2021 νοω

218 2075 274 2133 tias
303 2059 507 2126 celebrantium
540 2053 724 2116 adclamatio·
756 2057 847 2114 dictae
874 2063 942 2112 sunt
971 2052 1096 2123 Furiae,
1125 2059 1265 2124 tanqrmm

219 2177 272 2226 1³9³
283 2173 315 2213 ³⁰
330 2161 427 2230 canius
444 2143 543 2205 audire
556 2139 628 2210 mihi
643 2138 725 2198 ride·
756 2137 933 2209 benevolae,
958 2148 1111 2214 postquam
1129 2151 1192 2189 carm
1220 2131 1265 2189 O·

219 2244 292 2302 har:
317 2238 358 2296 At
379 2229 529 2312 Nymphae
552 2247 612 2284 non
633 2220 727 2280 ulula·
757 2236 859 2300 reste,
884 2223 934 2299 qui
955 2233 1076 2277 man-cm
1101 2215 1264 2285 occiderat,

218 2311 306 2394 mint,
335 2319 386 2380 sed
412 2316 526 2374 clamor·
540 2313 593 2368 iste
619 2329 637 2366 a
664 2305 727 2362 Fo-
758 2323 901 2386 quemque
916 2305 990 2374 ideo
1016 2296 1265 2382 persequebantur

221 2409 271 2468 riis
287 2405 414 2465 sublatus
433 2410 492 2468 est,
512 2405 546 2455 ut
570 2391 634 2452 i'atis
657 2387 727 2446 mele
756 2393 883 2463 Furiae,
907 2389 1036 2445 Deorum
1060 2403 1116 2464 ope
1138 2383 1168 2440 in
1193 2401 1271 2458 gra·-

220 2495 304 2573 quasi
317 2491 431 2567 signum
442 2483 545 2541 darent
556 2477 594 2536 ad
605 2491 653 2533 me
661 2491 728 2552 per·
759 2477 828 2534 tiam
841 2465 1008 2548 redieruut,
1025 2489 1090 2527 mm
1104 2477 1134 2524 et
1145 2486 1192 2523 are
1204 2462 1265 2521 sub

222 2575 399 2654 sequendum
433 2577 519 2643 atque
559 2557 727 2638 urgendum·
758 2561 814 2620 hoc
832 2555 998 2618 nomineiie
1014 2552 1051 2612 ab
1067 2553 1167 2612 Oreste
1179 2565 1275 2604 erec--

224 2661 270 2720 Οἳ.
291 2658 327 2716 D.
349 2657 374 2715 J.
394 2673 451 2714 van
468 2651 585 2736 Lennep
603 2645 635 2701 in
654 2638 728 2702 Ani·
759 2655 789 2714 ta
810 2630 861 2702 est.
895 2645 1105 2718 Argumentum
1128 2644 1171 2691 est
1188 2634 1270 2690 Tra·

223 2745 317 2807 madv.
335 2741 372 2799 ad
391 2737 421 2797 h.
439 2755 479 2804 vs,
757 2727 875 2810 goediae
892 2721 1046 2800 Aeschyli,
1071 2735 1144 2797 quae
1162 2721 1270 2778 Eume·

230 2831 236 2841 '
271 2827 430 2903 Nymphas.
471 2819 552 2876 Deae
583 2815 727 2881 minore,
760 2817 840 2875 uites
858 2807 1028 2868 inscribitur.

226 2931 301 2996 quae
320 2909 426 2985 ubique
449 2906 480 2962 in
505 2917 578 2976 aqua
603 2908 634 2956 et
655 2907 731 2964 terra
772 2900 891 2976 wigna-
910 2894 1018 2952 delere.
1054 2884 1228 2964 iletaphoro
1251 2903 1270 2952 a

226 2995 324 3059 vivere
333 2983 537 3057 credebantur,
554 2994 584 3042 et
594 2981 661 3040 licet
670 2981 732 3040 lon·
761 2980 869 3039 bellicis
895 2977 1018 3036 deducta
1037 2969 1173 3044 ducibus,
1193 2971 1269 3046 qui,

248 3079 373 3137 issimam
390 3070 531 3136 haberent
552 3067 640 3128 vitam
651 3106 661 3138 ‚
685 3063 742 3122 ni·.
761 3064 913 3143 incipiente
938 3053 1067 3138 praelio,
1096 3053 1175 3132 signa
1198 3053 1272 3110 dare

227 3101 384 3221 iiiominus
400 3155 518 3214 tandem
530 3149 733 3210 moriebantur.
762 3149 862 3210 solent.
880 3145 926 3206 Gi'.
941 3142 1023 3220 Virg.
1040 3141 1112 3198 Aen.
1128 3136 1207 3198 LV.
1226 3153 1275 3198 ve„

227 3248 311 3306 Dorn
331 3241 437 3300 Seiii'en
456 3240 487 3297 in
502 3237 607 3304 Onom.
625 3235 706 3302 Puer.
765 3231 823 3308 ¹37·
1003 3223 1008 3232 “

266 3329 404 3388 Uirdosse.
438 3325 518 3412 Virg-
543 3323 616 3379 een.
639 3316 732 3379 MV·
798 3339 840 3398 97.
865 3318 960 3393 Exige
971 3309 1274 3389 iucrepudorpcems.

227 3433 268 3486 Vs
282 3418 339 3474 168.
766 3405 867 3464 Parata
877 3419 942 3459 sum
952 3397 990 3455 ad
1002 3413 1126 3474 poenam
1144 3388 1278 3449 subeun-

233 3517 235 3522 ·
265 3537 376 3558 .....
393 3496 568 3570 Summoque
587 3487 735 3558 ulularunt
767 3489 832 3548 dam
850 3501 937 3562 quum
952 3479 1021 3550 tibi,
1036 3474 1198 3542 Pudicitia,
1220 3471 1274 3528 de·

300 3579 405 3643 vertice
419 3577 579 3658 Nymphae.
678 3587 681 3596 '
766 3572 838 3644 beo;
858 3581 888 3627 te
905 3566 981 3623 enim
996 3569 1088 3642 ipsam
1100 3555 1273 3618 nonobien·

203 3731 207 3740 ,
230 3669 282 3728 ‘Ad
304 3663 425 3729 verbum
447 3665 590 3724 manuue
608 3657 648 3718 ita
671 3674 737 3716 con·
767 3659 798 3716 di
819 3653 929 3721 solum,
956 3665 1021 3704 cum
1041 3646 1152 3704 nudum
1182 3636 1277 3718 Cupi-¹

232 3760 378 3810 mentatur
394 3747 516 3809 Servius.
769 3739 842 3800 dinis
871 3733 934 3792 telis
958 3741 1069 3808 pectus¹
1083 3725 1276 3805 praeberem,

236 3857 253 3888 e
269 3836 346 3893 Bene
370 3832 498 3892 medium
521 3827 609 3908 elegit
627 3843 738 3886 sermo·
770 3826 821 3886 sed
844 3831 874 3880 et
899 3819 1010 3878 sichaei
1033 3817 1144 3872 ratione
1163 3809 1223 3868 vim
1238 3807 1277 3863 ti-

232 3935 319 3977 nemr
343 3939 410 3976 nam
429 3918 469 3975 ait
488 3915 616 3972 Lucanus
641 3908 673 3969 L.
686 3907 739 3969 VI.
769 3910 801 3970 bi
821 3905 923 3976 intuli,
947 3912 1009 3958 tuas
1034 3897 1112 3972 leges
1132 3889 1276 3980 perrupi,

236 4019 278 4061 rs.
294 4006 353 4059 atii.
390 4025 405 4054 a
420 3999 486 4062 Non
498 4009 531 4055 tu
546 3997 628 4056 laetis
648 3992 741 4063 ulula·
771 4011 845 4073 quae
868 4009 916 4064 me
939 4003 992 4067 pro
1013 3984 1129 4044 Aeniam
1149 3977 1277 4054 conjuge

238 4104 271 4146 re
289 4084 467 4168 triumphus?
502 4086 538 4146 ln
553 4081 632 4148 tuctu
645 4089 741 4144 aurem
773 4075 913 4159 gesserim,
993 4139 996 4144 ,
