2802 4838
242 334 282 400 at
478 331 802 410 trtsrota
832 338 1053 416 PRIMA,¹

246 511 376 604 lletnlit
396 542 430 595 et
449 527 545 600 lerro
567 525 787 615 Rhesumque
808 523 1010 618 Dolonaque
1030 541 1154 598 caesos.

312 631 428 724 thue
448 634 492 700 sit
514 630 571 698 hie
591 653 711 716 somno
733 629 910 720 proditus,
932 635 991 706 ille
1012 633 1105 705 dolo.
1236 633 1285 709 4ο

244 851 353 912 itineris
363 855 425 932 ejas
444 858 554 918 oonsoia
566 858 674 916 nutrire
686 857 746 914 Eu·
772 859 901 938 proditio
919 871 977 932 est,
995 857 1027 918 h.
1048 878 1075 918 e.
1085 871 1202 941 prester
1216 865 1282 941 ope·-

244 938 345 1016 ryelea.
383 939 448 1018 Ipse
473 943 557 1000 etiam
578 942 667 1000 Poeta
693 939 747 998 sihi
776 950 884 1003 mamm
898 949 1029 1024 ματαίαις.
1045 948 1137 1006 Prodi
1148 946 1222 1004 enim
1234 946 1282 1004 di·

246 1021 459 1093 adversaretur,
488 1045 555 1082 nam
573 1025 627 1082 hae
646 1025 745 1084 eadem
776 1041 879 1087 enntrrr
897 1029 938 1092 illi
961 1029 1156 1108 potissimum,
1174 1028 1281 1106 quihus

126 1165 130 1178 ‚
243 1103 363 1181 epistola
378 1113 427 1165 'rs
443 1131 502 1171 roo.
520 1109 631 1182 scribit,
651 1111 745 1168 «dum
773 1132 824 1185 ea,
837 1113 1182 1192 quaejnyaredebebant,
1199 1115 1282 1172 darn-

243 1200 328 1266 parat
351 1189 445 1250 invitis
471 1196 598 1256 omnibus
621 1194 662 1252 ire
687 1195 745 1272 Py·
775 1216 845 1254 num
861 1209 910 1254 aut
924 1198 1078 1275 perniciem
1096 1198 1227 1257 affemnt.

242 1269 325 1330 lon.”
348 1273 411 1332 sax.
427 1275 462 1334 cf.
481 1277 607 1356 Lennep.
622 1279 653 1343 in
673 1278 745 1336 Ani·
809 1280 945 1338 Ceterum
958 1279 996 1340 ad
1011 1281 1144 1342 historiae
1163 1281 1280 1340 intelle-

243 1357 338 1418 made.
359 1357 390 1416 in
402 1359 432 1419 h.
448 1377 491 1420 vs.
509 1360 593 1421 Virus
614 1363 698 1438 iners
714 1361 745 1419 in
775 1373 852 1422 otum
876 1368 986 1441 egregie
1005 1365 1072 1424 lacit
1090 1367 1180 1426 Servii
1197 1365 1279 1426 locos

240 1441 500 1587 {pegmingwlm
517 1445 563 1543 eit:
584 1445 672 1542 ades
688 1465 744 1503 too.
776 1449 897 1508 adden.
906 1449 1016 1510 11·th
1033 1455 1145 1522 reddo.
1161 1449 1283 1528 Troiani

182 1602 185 1610 ·
243 1547 368 1670 amito
387 1540 748 1688 ,tttti’tttsttt
770 1535 1282 1694 ttttttttlttfflt:

244 1713 262 1750 a
278 1713 308 1751 se
326 1695 404 1774 ipso,
415 1700 539 1758 omibus
552 1702 648 1758 invitis
658 1697 746 1758 Tele·
775 1713 835 1760 stra
847 1709 1008 1772 mitterent,
1027 1703 1139 1776 Dolon,
1157 1704 1206 1780 qni
1222 1699 1282 1760 hoe

243 1776 375 1838 nraohum
395 1779 489 1842 dicens
511 1781 564 1840 iter
588 1782 679 1861 Pylon
697 1803 746 1842 su·
777 1785 922 1862 negotium
935 1787 1104 1864 susciperet,
1121 1805 1182 1848 sese
1195 1784 1285 1845 obtat·

242 1863 374 1940 seepisse.
409 1866 496 1924 Certe
516 1871 630 1926 miserore
660 1886 746 1945 supro
778 1867 813 1926 lit
820 1908 829 1936 .
847 1869 872 1927 si
890 1869 944 1928 sibi
965 1871 1032 1948 equi
1052 1870 1170 1931 eohfflis
1193 1887 1283 1948 prae·
1339 1931 1349 1944 ,

244 1945 336 2022 dixit,
358 1948 395 2022 de
424 1955 507 2010 mr'sso
530 1962 625 2008 autem
652 1949 746 2010 dicere
777 1953 835 2012 mio
852 1952 1005 2026 darentarr
1030 1953 1080 2030 qui
1101 1971 1167 2016 erm
1191 1953 1281 2026 isset,

242 2049 301 2088 non
318 2043 432 2110 poterat
450 2037 575 2094 omrrihus
594 2037 702 2094 invitis.
777 2053 810 2096 ao
829 2037 1000 2106 Diomedem
1026 2047 1056 2094 et
1075 2034 1223 2114 Ulyssem,
1242 2036 1283 2098 ad

261 2119 304 2176 At
317 2117 381 2197 ille,
396 2117 428 2176 h.
441 2136 467 2175 e·
486 2117 685 2192 Telemachus,
697 2115 747 2196 qni
776 2129 867 2180 naas
878 2121 1001 2196 Troiana
1009 2117 1201 2196 exploratores
1212 2119 1284 2178 mis*

240 2219 360 2284 peregre
372 2221 476 2279 agens,
491 2214 523 2260 ut
534 2213 644 2282 patrem
660 2222 748 2279 quae·
776 2224 832 2276 sos,
847 2202 994 2264 habuisset
1001 2202 1114 2274 obvios,
1126 2200 1162 2261 ab
1177 2202 1223 2264 his
1233 2223 1284 2263 ea·

243 2296 335 2358 reret,
351 2305 405 2364 per
419 2287 514 2350 literas
526 2285 597 2345 haee
607 2304 672 2342 eum
687 2305 746 2344 rna·
775 2301 842 2369 ptus
864 2297 923 2358 est,
948 2299 979 2344 et
995 2287 1143 2350 tormentis
1165 2287 1285 2346 adactus

242 2379 287 2426 tre
315 2367 582 2442 eommunicaverit,
611 2379 744 2446 opor-sets
776 2385 838 2438 tunt
856 2371 1047 2448 Troianorum
1060 2371 1197 2439 oonsilio,
1214 2379 1281 2434 tuna

242 2453 322 2532 qnod
339 2455 363 2512 si
381 2457 459 2513 enim
481 2452 600 2514 domum
620 2456 678 2529 jam
697 2472 745 2530 re·¹
775 2456 871 2528 Rhesi,
882 2453 1283 2532 Thraciaeregis,adventum

242 2555 342 2598 verere
364 2539 436 2598 haec
454 2559 549 2618 eoram
564 2550 746 2610 narraverat,
775 2539 924 2618 exposuit,
941 2535 1145 2608 stlocum‚uhi
1157 2556 1286 2597 murmo-

243 2622 281 2680 de
300 2633 381 2702 patre
402 2641 516 2702 qnoque
533 2622 695 2684 inventost
714 2643 747 2680 a·
776 2623 906 2690 rebatur:
923 2642 980 2698 quo
995 2621 1066 2678 laeto
1083 2619 1236 2679 Diomedes
1251 2631 1286 2683 et

243 2709 321 2782 guito
341 2707 510 2773 addidisset,
531 2725 637 2782 quem,
664 2716 747 2764 ante·
764 2707 892 2784 ,Ulysses
918 2705 1061 2769 Dolonem
1087 2703 1212 2767 rmcturn
1243 2707 1284 2766 ad

243 2811 331 2866 quarn
347 2791 465 2848 domum
484 2791 583 2860 rediit,
599 2791 679 2868 apud
691 2788 749 2848 Eu·
778 2789 909 2850 arborem
934 2788 1126 2865 relinquentes
1145 2789 1176 2848 iu
1195 2789 1286 2850 Rhesi

239 2873 492 2940 ‚maetamoffendit
503 2874 747 2950 V.Hom.0dyss
778 2885 869 2935 castra
893 2872 1014 2952 proiecti
1031 2883 1122 2945 eunt,
1142 2893 1287 2951 eumque,

243 2957 365 3020 L.XV1.
384 2981 425 3021 rs.
446 2967 506 3024 185.
524 2979 568 3040 sq.
583 2969 612 3034 et
626 2959 747 3036 Argum.
778 2957 874 3018 Rheso
894 2957 1041 3016 interfecto
1052 2999 1062 3028 ,
1085 2966 1116 3014 et
1137 2956 1286 3034 equisl'a·

241 3049 269 3122 5.
284 3053 312 3108 8.
344 3045 405 3104 Nee
433 3057 529 3107 tamen
558 3065 594 3102 ex
616 3041 672 3102 hae
696 3041 749 3098 lilii
778 3041 882 3106 talibus
902 3039 1044 3112 abduotis,
1061 3039 1234 3104 oeciderunt.
1276 3091 1280 3102 .

243 3131 404 3191 narratione
422 3130 576 3207 quidquam
599 3118 749 3194 rescir‘erat
812 3127 953 3182 Homerus
972 3135 1067 3190 autem
1082 3125 1119 3182 11.
1137 3127 1170 3182 t.
1180 3123 1219 3185 X.
1237 3141 1285 3185 rs.

244 3214 399 3294 Penelope.
418 3215 453 3272 oi
475 3213 549 3272 infra
567 3232 609 3272 vs·
627 3217 670 3286 ⁵7·
685 3231 728 3289 sq·
779 3215 830 3282 ³⁷⁸
850 3237 888 3258 ι-
901 3214 952 3280 455
989 3209 1132 3271 Dolonem
1168 3205 1286 3286 petiisse

280 3309 325 3372 do.
360 3303 417 3359 Hie
442 3297 624 3357 referendum
648 3308 691 3356 est
710 3295 747 3362 ad
779 3293 895 3372 quidem
921 3291 1016 3352 scribit
1043 3317 1060 3354 a
1088 3291 1226 3352 Diomede
1251 3302 1286 3355 et

244 3387 397 3454 remotius,
420 3383 457 3441 ad
477 3381 604 3440 Rhesum
623 3398 747 3459 nempe,
778 3379 898 3456 Ulysse,
917 3391 968 3451 ut,
986 3378 1170 3438 redemtionis
1187 3375 1286 3454 pretio

244 3475 293 3533 ille
306 3471 343 3530 ad
353 3471 487 3547 propius,
499 3467 531 3527 lr.
544 3485 571 3526 e.
589 3465 746 3536 Dolonem,
778 3473 892 3540 recepto
900 3504 908 3534 ,
917 3483 947 3520 se
962 3465 1147 3534 remitterent,
1159 3472 1211 3520 aut
1223 3459 1288 3520 vin·

242 3539 325 3618 sectis
343 3574 375 3614 ac
395 3551 574 3631 praecipiunt
597 3549 749 3606 Gramma·
779 3557 856 3604 ctum
872 3545 1084 3622 relinquerent,
1102 3547 1193 3606 donee
1209 3544 1288 3602 indi·

244 3642 302 3700 tici.
317 3638 355 3700 V·
373 3635 620 3696 &halicarnes
643 3631 704 3690 sut.
717 3629 747 3690 b.
778 3631 814 3690 eii
826 3630 1028 3708 comperissent
1045 3630 1212 3698 veritatem,
1231 3613 1300 3686 sed-

244 3729 307 3787 Lat.
325 3724 403 3782 Part·
417 3723 442 3782 I.
460 3741 486 3784 c.
500 3726 528 3776 8.
547 3738 574 3773 n.
589 3723 616 3776 5.
779 3714 948 3776 Diomedem
977 3733 1087 3791 poenae
1118 3713 1286 3771 dilationem

193 3845 197 3854 .
280 3813 373 3880 Πρω,
395 3807 427 3866 h.
447 3826 474 3870 e,
499 3803 561 3882 ipsa
585 3798 751 3878 speculandi
780 3797 823 3856 illi
840 3797 1013 3876 denegasse,
1030 3797 1229 3872 Dolonemque
1243 3794 1288 3862 in,-

245 3897 412 3977 proeincia,
436 3909 522 3970 qnam
545 3897 634 3944 totam
657 3903 749 3959 qnan-
781 3881 919 3939 tersenisse
931 3883 1037 3944 statim.
1054 3881 1090 3939 cl·
1108 3880 1190 3957 Virg.
1208 3880 1286 3946 Aen,

248 3995 306 4038 tam
327 3979 454 4040 dolosam
480 3974 509 4032 in
533 3991 564 4030 se
590 3977 751 4044 susceperat
781 3967 813 4024 L·
822 3966 848 4021 1.
866 3985 905 4025 vs.
914 3971 976 4040 469,
990 3986 1032 4042 sq,
1049 3966 1173 4042 [ωειλ
1190 3961 1289 4030 ᾖα,
1393 3995 1394 3998 ,

249 4064 360 4135 Dolon,
379 4059 512 4122 Eumedis
530 4055 607 4114 fitius
616 4094 626 4124 ,
638 4071 750 4142 quaque
781 4055 811 4111 in
823 4050 973 4114 Animadv.
991 4050 1028 4106 ad
1046 4048 1077 4111 h.
1090 4047 1111 4108 l.
