2920 4814
315 347 1043 458 rurcntsoe'no'ruoourr.
1145 387 1188 458 u

156 569 373 643 Credidimus
392 549 555 658 lacrimis.¹
576 593 618 656 en
644 563 763 654 et‘bue
784 567 941 636 simulare
963 565 1161 638 docentur?

222 683 291 750 lice
309 698 446 774 quoquc
458 667 591 744 babent
605 671 711 774 aptes,
729 695 865 768 quaque
881 673 1070 763 jubentur,
1080 662 1189 779 eunt?

157 793 213 864 Dis
235 813 375 884 quoque
398 780 616 854 credidimus.
640 805 710 874 quo
731 787 799 870 jum
822 800 872 850 tot
892 787 1036 876 pignora
1058 785 1187 854 nobis?

219 899 319 966 Parte
340 897 432 964 satis
440 889 537 985 potui
561 889 714 979 qualibet
734 885 817 959 inde
840 893 927 983 capi.
1039 897 1041 906 ’
1164 970 1168 987 Ι

155 1003 227 1076 ttec
246 1012 404 1085 moveor,
428 995 522 1094 quod
545 1013 577 1066 tc
599 987 668 1085 juvi
691 991 863 1090 portuque
884 996 1042 1093 locoque.
1146 1007 1189 1072 55

122 1149 128 1160 ·
218 1109 345 1177 Debuit
366 1101 432 1176 hoc
453 1105 565 1174 meriti
585 1127 714 1174 summa
734 1103 837 1172 fuisse
857 1109 937 1174 mci.

155 1349 255 1417 bilitati
273 1369 338 1416 tuae
353 1355 472 1430 domus,
490 1374 525 1414 ex
536 1373 593 1436 qua
605 1347 656 1414 mi·
717 1357 840 1438 Quaque.
853 1355 977 1416 Subaudi
987 1359 1188 1418 tutione‘l'ur·
1253 1359 1259 1370 ’

153 1443 185 1502 bi
196 1445 366 1522 persuadere
378 1462 436 1502 uon
447 1442 547 1522 potui,
560 1443 653 1500 virum
684 1443 745 1500 sell.
762 1444 820 1522 Op.
834 1443 852 1501 l.
872 1443 900 1500 in
913 1464 939 1501 v.

152 1528 486 1607 perlidurunasciposse.
501 1523 652 1587 Hubertiu.
711 1531 797 1586 Eunt.
814 1528 938 1586 Poeticcr
948 1526 1016 1586 alias
1025 1528 1133 1604 linunt,
1145 1531 1189 1591 la·

187 1619 230 1672 51.
261 1615 435 1674 Credidimus
454 1613 583 1670 lacrimis
599 1619 653 1666 etc.
683 1607 806 1685 buntur,
823 1621 948 1673 manant.

26 1723 28 1734 ν
152 1695 332 1771 Credulitas,
349 1697 458 1774 inquit,
477 1703 573 1752 nostru
590 1698 655 1750 tau·
729 1701 773 1758 53.
807 1701 865 1755 Dis
884 1715 993 1776 quoquo
1013 1697 1190 1764 cretaeus.

150 1791 180 1838 to
193 1779 259 1859 plus
273 1783 458 1840 excusationis
473 1779 577 1852 babet,
595 1797 653 1854 quo
686 1780 837 1858 Subiungit
863 1783 1053 1858 gravissimam
1071 1781 1190 1844 meduli-
1304 1843 1314 1854 ,

141 1865 244 1924 minus
255 1866 311 1924 sibi
321 1867 490 1946 persuadeat
499 1865 599 1942 uliquis
612 1863 655 1920 la-
669 1867 750 1922 ‘tatis
774 1883 841 1922 suae
865 1866 1059 1924 defensionem
1079 1868 1108 1927 iu
1128 1869 1189 1928 fide

149 1949 249 2009 mimas
260 1949 375 2012 infucati
389 1971 472 2030 posse
485 1949 570 2008 minu
593 1965 654 2005 esse
685 1948 815 2005 Deorum
839 1949 1050 2028 sitnm,q1mm
1074 1952 1188 2016 elevare

149 2033 271 2093 indices:
287 2036 373 2114 proin
386 2037 450 2112 jure
461 2037 572 2114 quaerit
582 2051 654 2111 prae
670 2033 732 2093 'vel
747 2032 893 2091 levissimis
910 2035 1115 2112 suspicionibus
1124 2043 1190 2118 quis

148 2117 328 2198 simplicitate
344 2140 414 2191 sur,
442 2138 479 2178 un
496 2128 526 2175 et
544 2116 599 2175 hue
617 2117 654 2174 si·
685 2117 849 2174 mortalium
872 2119 964 2176 ausit?
988 2121 1123 2180 Attamen
1132 2146 1197 2204 quo·

147 2201 263 2260 muare
277 2203 428 2276 donentur,
446 2223 484 2262 au
508 2202 592 2262 etism
611 2201 654 2259 lu-
677 2203 743 2277 jam
755 2213 797 2261 tot
809 2209 932 2284 pt‘gnora
945 2204 1041 2275 nobis,
1056 2207 1190 2285 quidmi-

146 2285 255 2343 crimae
279 2285 324 2344 bis
346 2287 451 2346 ortibus
474 2287 652 2345 instruuntur
685 2283 716 2341 hi
730 2306 805 2344 nime
827 2299 870 2345 tot
885 2289 1005 2367 pignora
1023 2301 1054 2346 et
1070 2309 1190 2372 sponso.

149 2379 178 2426 et
195 2369 388 2448 effinguntur,
406 2381 439 2427 ut
459 2369 582 2442 doloris,
605 2368 653 2427 vel
685 2389 730 2428 res
742 2383 881 2450 prosunt,
901 2383 951 2430 aut
965 2373 1010 2430 cui
1026 2371 1103 2432 bono
1118 2375 1191 2437 milti

149 2457 272 2526 amoris,
290 2455 338 2516 vel
356 2455 507 2529 desiderii,
530 2453 577 2514 vel
602 2471 652 2510 ae·
685 2465 729 2513 tot
746 2459 864 2534 pignora
881 2456 946 2512 data
973 2457 1105 2531 suerunt,
1122 2481 1189 2522 mm

149 2537 295 2614 gritudinis
312 2543 505 2618 cujuscunque
521 2539 650 2598 desinant
686 2540 831 2599 utrumvel
846 2539 955 2596 bomini
968 2545 1142 2603 cadmeae
1151 2543 1190 2604 fi-

149 2641 210 2680 esse
227 2625 406 2703 interpretes.
442 2625 489 2683 Ad
505 2623 651 2682 libidinem
684 2623 749 2681 dem
767 2624 988 2698 conciliandam,
1005 2627 1132 2688 velletri
1149 2631 1188 2690 ed

148 2704 229 2764 lundi
237 2727 322 2786 posse
336 2707 477 2766 nesciebat
484 2709 556 2768 adeo
566 2705 652 2784 Phyl·
683 2708 826 2779 fraudem,
842 2708 1033 2788 feminamque
1043 2711 1187 2793 decipieri-

148 2787 193 2850 lia.
210 2791 275 2855 δικ.
293 2793 330 2850 cs.
348 2795 414 2854 Vnu
435 2791 546 2850 Schelle
571 2789 652 2850 'l'be-
683 2793 749 2850 dam
765 2794 924 2866 sulliceret3
946 2811 1012 2852 nam
1039 2797 1188 2874 quodum·

148 2891 210 2932 mar
222 2897 276 2934 asu
285 2879 400 2935 Amnon
416 2897 482 2954 pag.
492 2879 533 2934 36.
550 2895 592 2936 vs·
604 2897 648 2940 uo.
682 2896 738 2956 que
760 2896 796 2935 ex
815 2875 863 2935 his
883 2877 1033 2956 selegeris,
1051 2881 1186 2960 idoneum

182 2963 224 3016 ds.
251 2964 319 3020 rrae
339 2981 448 3042 qumque
474 2961 579 3020 tutent
599 2982 649 3021 ar·
682 2961 768 3020 luisse
785 2961 822 3020 nd
840 2979 887 3018 me
906 2963 1086 3021 irretiendum
1101 2973 1187 3044 puta-

145 3047 197 3100 tes.
236 3043 291 3106 vis
324 3047 458 3104 orationis
485 3045 556 3104 hoec
588 3055 648 3101 ests
683 3045 768 3118 totid
782 3057 843 3118 est,
858 3045 938 3123 quod
951 3045 1104 3122 subnectit,
1117 3071 1191 3130 pat·

145 3123 229 3185 Nunc
257 3128 353 3202 disco,
379 3132 461 3209 ,quod
489 3142 522 3188 ut
551 3129 651 3188 erede·
681 3144 709 3191 te
724 3136 795 3190 satt's
813 3141 866 3186 etc.
885 3129 950 3193 Sax.
1251 3159 1255 3162 ·

143 3229 225 3283 rem,
241 3231 398 3290 numquam
415 3215 445 3272 in
463 3209 594 3274 anirnum'
605 3215 649 3271 in·
717 3217 779 3294 Quo
796 3215 861 3292 jam
882 3225 933 3273 etc.
969 3217 1032 3292 Quo
1050 3229 1093 3276 est
1110 3219 1186 3279 dati.

145 3293 442 3368 duxissem,lacriinos
457 3301 518 3355 sine
533 3299 648 3371 dolore,
682 3317 735 3358 tus
761 3300 905 3376 antiquus.
946 3298 1027 3357 Olim
1050 3303 1187 3384 scripsero

143 3381 367 3455 conquestione,
406 3383 649 3453 incommodorum
682 3387 767 3461 quoi,
789 3383 915 3460 intellige
932 3383 1052 3443 usuivel
1065 3391 1186 3464 negotio.

141 3461 311 3540 inpatientia
340 3475 369 3521 et
394 3467 574 3527 misemtione
593 3469 648 3526 cito
680 3469 717 3526 V.
734 3467 865 3526 Perizon·
892 3465 929 3524 ad
948 3467 1042 3527 sanet.
1060 3461 1137 3556 bilds
1151 3475 1185 3535 l..
1308 3501 1311 3510 ·

142 3547 301 3625 proscindi,
325 3551 382 3608 cito
408 3569 533 3610 urescere
556 3564 585 3611 et
611 3555 648 3610 ad
678 3553 730 3610 ΠΙ.
748 3557 824 3620 cst.
842 3571 906 3628 pag.
923 3559 1033 3622 mltis.
1106 3571 1119 3623 J'
1140 3565 1154 3578 ”

144 3648 244 3688 ornnes
271 3643 433 3712 temporum
457 3639 563 3714 specics
585 3655 649 3698 ver·
717 3643 758 3705 55.
788 3635 867 3692 Inde.
888 3634 907 3691 i.
922 3656 946 3694 e.
961 3639 1186 3720 ‘corumpi'gno-

143 3713 218 3768 tutia
233 3716 356 3790 quadam
368 3721 572 3780 accommodari
585 3724 648 3802 pbs-
679 3740 744 3778 rum
766 3719 824 3778 sive
844 3737 879 3778 ex
898 3719 932 3780 its
954 3722 1128 3801 pignoribus.
1147 3727 1184 3790 V.

26 3827 27 3836 κ
142 3812 182 3850 se.
204 3795 276 3860 Sor.
321 3801 406 3860 Unde
435 3804 649 3883 interrogationi
679 3803 801 3862 Turseli.
820 3804 849 3862 in
869 3825 896 3864 v.

140 3881 266 3936 tantuin
288 3885 395 3944 ouimos
413 3889 456 3946 vis
474 3889 529 3960 sit,
547 3891 649 3968 Lorigi·
699 3896 741 3948 55.
754 3891 1185 3968 Necmoveorpoeniteutiaaed.

143 3964 172 4016 ni
186 3963 279 4022 verbis
299 3969 381 4026 docet
394 3971 432 4030 La
444 3973 540 4052 Harpe
557 3977 649 4036 Coum
680 3973 823 4051 Dopriruit
837 3971 942 4049 Phyllis
957 3971 1027 4028 baec
1038 3971 1185 4052 beneficia,

142 4043 179 4102 ds
194 4047 251 4108 tit.
268 4052 350 4113 Tom.
363 4055 386 4114 1.
403 4069 467 4136 pag.
484 4065 542 4116 tad·
672 4065 711 4113 nt
732 4056 877 4131 sequentia
900 4056 1098 4138 amplificando
1125 4079 1196 4126 tut*
1207 4115 1220 4137 ,
