2894 4822
218 389 274 478 ,e
425 380 746 452 errsrous
788 377 1064 471 Qusars.

219 571 308 644 ‚flos
331 593 467 663 qnoque
488 566 589 638 fatale
611 581 683 636 ests
705 561 836 658 placuit
856 563 977 636 domus
993 588 1061 632 una
1080 566 1227 638 unibus

297 678 356 772 Me
379 693 435 742 tua
455 675 563 747 forma
586 676 702 764 capit,
726 692 823 772 capte
844 691 988 765 parente
1008 697 1117 746 soror.

231 781 402 852 Thesides
426 783 649 875 Theseusque
671 781 753 848 duas
775 805 919 874 rapuere
940 806 1084 852 sorores.
1228 789 1277 860 66

235 961 240 972 ,
297 892 419 960 Ponite
441 890 486 978 de
508 909 623 960 nostra
645 893 728 958 hina
751 907 889 982 tropaea
910 891 1024 960 domo.
1047 947 1051 960 ,

231 998 425 1089 Tempore,
449 1022 519 1094 qno
540 999 635 1070 robis
658 997 817 1064 initaest
838 998 987 1067 Cerealis
1008 999 1173 1090 Eleusin,
1246 1013 1258 1027 '

219 1161 224 1172 .
294 1109 423 1178 Gnosia
443 1134 506 1186 me,
518 1107 642 1180 vellem
663 1105 865 1176 detinuisset
885 1103 1022 1178 humus·

227 1340 334 1408 eadem·
350 1361 450 1429 gente,
473 1356 532 1416 sire
556 1372 736 1416 communem
766 1357 841 1417 nisse
853 1353 1015 1414 Phaedram
1027 1343 1277 1434 et'Hippolytnm,

230 1446 316 1513 atque
344 1438 473 1497 eamdem
495 1459 559 1498 eum
590 1453 681 1499 matre
706 1452 737 1499 et
767 1444 804 1502 ad
832 1460 905 1518 quae
925 1439 1059 1499 inmensa·
1078 1450 1276 1518 spectatorum

228 1537 327 1577 sorore
348 1533 453 1580 sortem
473 1524 603 1604 experiri.
767 1525 920 1585 multitudo
945 1523 1103 1604 continebat
1113 1567 1122 1594 ,
1146 1525 1220 1583 adeo
1239 1532 1276 1578 ut

214 1627 220 1641 .
268 1606 376 1662 Ultimo
393 1611 492 1682 gentis.
527 1609 602 1683 Quia
622 1629 733 1684 omnes,
767 1610 880 1688 triginta
892 1607 979 1666 millia
990 1615 1144 1688 mystas-rim
1155 1615 1184 1666 et
1192 1621 1276 1684 speo-
1374 1653 1382 1674 ,

217 1705 307 1762 ¹quae
326 1707 372 1744 me
389 1703 619 1765 anteoesserunt,
637 1694 675 1750 ita
696 1695 739 1750 se·
767 1706 892 1753 tutorum
906 1692 1027 1751 adfuisse
1050 1691 1277 1750 tradideriulle-

231 1783 348 1843 oerunt5
365 1773 431 1848 qnia
446 1775 540 1834 Minos
551 1787 582 1834 et
596 1776 736 1856 Pasiphae
768 1779 829 1837 rod.
852 1779 889 1837 V.
915 1777 952 1834 de
974 1775 1020 1833 his
1041 1775 1130 1834 iestis·
1142 1776 1272 1852 Scaliger.

213 1871 291 1910 ·non
309 1853 450 1916 habebant
471 1859 555 1918 aliam
575 1859 662 1919 filiam
683 1862 737 1920 mi·
768 1862 804 1920 ad
814 1860 914 1918 Euseb.
934 1859 1097 1918 Chronicon
1115 1861 1152 1918 ad
1166 1881 1275 1920 annum

231 1953 332 2002 mrem
354 1936 719 2003 enumerationem
767 1945 972 2007 MMCXLVII.
1013 1945 1056 2002 Ex
1089 1944 1145 2002 hae
1178 1945 1276 2021 itaque

217 2053 223 2062 ·
284 2027 327 2082 65.
353 2029 505 2102 Thesides,
522 2028 628 2088 Thesei
644 2027 736 2104 filius,
768 2031 928 2108 oonjeetura
958 2031 1088 2108 poenitet
1113 2027 1275 2088 Phaedram

229 2097 409 2189 Hippolytus.
768 2115 944 2194 praesentiae
971 2115 1001 2171 in
1035 2115 1107 2172 sesto
1138 2111 1272 2182 Cereris,

216 2221 220 2228 ·
266 2198 349 2253 Duas
367 2217 492 2275 respuere
522 2197 651 2257 Theseus
670 2217 739 2278 pro·
769 2209 800 2256 et
818 2199 927 2259 mavult
945 2198 976 2256 in
997 2199 1085 2256 Creta
1108 2217 1139 2256 se
1159 2196 1256 2254 fuisse.

229 2279 293 2354 prie
320 2287 429 2357 mpnr't,
451 2282 480 2340 h.
500 2301 524 2340 e.
549 2283 622 2340 clam
641 2303 738 2341 seeum
804 2285 951 2343 Troezene
969 2281 1131 2340 Eleusinem
1147 2280 1185 2337 ad
1196 2295 1278 2339 sacru

232 2361 378 2420 Ariadnen
406 2363 544 2438 abduxit,
565 2366 738 2448 Hippolytus
769 2365 893 2427 Cereris'
904 2364 1073 2425 celebranda
1086 2367 1196 2424 venisse
1206 2363 1277 2440 ilip-

230 2442 391 2504 Phaedram
422 2470 482 2509 non
513 2452 603 2524 item,
633 2452 677 2520 uti
703 2469 738 2509 ex
768 2453 900 2532 polytunr
914 2462 995 2530 patet
1010 2468 1045 2507 ex
1060 2449 1188 2526 Euripid.
1205 2448 1278 2528 trip·

215 2548 310 2609 seqq.
328 2541 415 2609 petet.
768 2539 827 2618 pol.
844 2555 886 2598 vs.
903 2542 944 2604 als.
961 2553 1022 2612 sqq.

267 2619 309 2674 66.
333 2619 482 2696 Dopm,
501 2637 554 2698 pp.
572 2629 676 2678 structa
692 2637 738 2676 or-
804 2627 885 2681 Iru'ta
902 2631 953 2680 est.
977 2615 1082 2676 Adiisti
1100 2618 1157 2694 jam
1179 2616 1277 2674 initia·
1294 2623 1296 2628 ’

230 2717 344 2757 morum
359 2704 496 2778 'oongerie
518 2703 651 2760 adornari
667 2702 737 2762 soli·
769 2719 834 2776 tus,
859 2710 901 2765 uti
922 2725 958 2764 ex
979 2703 1034 2762 adl.
1054 2701 1196 2780 Euripidis
1213 2701 1277 2760 loeo

232 2790 262 2838 ¹⁸
283 2795 350 2860 P⁰⁵t
365 2787 511 2845 Vlciffl'ltm
528 2787 558 2842 5¹¹
575 2786 637 2843 1⁰0⁰
656 2804 739 2863 pm·
768 2793 867 2853 ridere
892 2802 941 2849 est.
983 2787 1156 2864 Singularis,
1183 2787 1279 2864 inquit

220 2863 263 2922 lii
280 2877 360 2944 patet
381 2887 416 2926 ex
435 2869 510 2949 Nep.
529 2871 559 2927 in
577 2871 699 2928 Datame
714 2890 736 2930 o
770 2878 849 2948 sax„
867 2874 979 2934 dicendi
990 2871 1061 2932 ratio
1074 2871 1103 2927 in
1116 2877 1200 2941 tuito,
1217 2891 1278 2946 qna

232 2955 258 3008 8·
277 2960 323 3009 11⁰.
335 2957 359 3012 3.
768 2961 931 3018 existimant
966 2956 1129 3034 respexisse
1157 2955 1278 3013 Possm

216 3067 221 3074 ·
269 3039 312 3102 67.
337 3039 469 3096 Cerealis.
486 3037 519 3094 ci.
540 3041 563 3113 5.
577 3043 604 3098 6.
620 3040 737 3115 Argum.
768 3045 806 3104 sd
831 3050 937 3116 initia,
960 3040 1008 3102 vel
1035 3041 1164 3118 mysteria
1188 3039 1278 3096 Eleu·

234 3120 351 3179 Εῑωὸἱη
380 3121 438 3182 tlte
459 3121 568 3180 Εῑθῦῡίῠ
597 3122 664 3179 urb!
689 3127 740 3180 Αῑ·
770 3132 862 3204 einins
889 3127 969 3205 quod
986 3136 1072 3202 negat
1090 3125 1277 3182 Burmannus.

219 3207 311 3262 Altae.
345 3205 537 3264 Athenienses
559 3206 739 3266 inventarum
770 3213 870 3271 Nescio
897 3233 933 3270 an
954 3214 1034 3288 jurej
1057 3209 1199 3284 sumitque
1221 3225 1278 3284 pro

232 3289 346 3364 frugum
358 3291 474 3367 gloriam
485 3292 538 3350 sibi
550 3291 738 3366 vindicabam,
770 3303 859 3359 odire.
876 3327 914 3346 ·-
929 3295 995 3353 Non
1010 3308 1099 3371 nego,
1116 3297 1189 3351 inire
1200 3292 1279 3350 idem

214 3375 368 3436 ·etcirem
380 3375 604 3454 Triptolemum,
621 3379 666 3435 oui
683 3379 741 3435 Ce-
772 3403 832 3442 ease
856 3402 888 3440 se
909 3387 1037 3452 intrare,
1060 3395 1160 3438 verum
1181 3387 1278 3434 tumen

236 3474 283 3513 res
310 3458 453 3518 Eleusinia
483 3463 662 3538 spargendas
687 3481 741 3539 per
771 3467 819 3526 hic
833 3470 924 3543 majus
944 3464 1096 3544 quiddam,
1115 3459 1278 3537 qrrrtrrsim.

238 3539 335 3598 orbern
353 3545 448 3622 fruges
464 3545 615 3603 credidisse
629 3546 743 3606 videba-
771 3553 839 3632 pler
863 3549 941 3608 urbis
961 3549 1054 3608 aditus
1075 3547 1169 3602 notari
1191 3543 1278 3601 debe-

237 3633 290 3683 tur.
309 3625 402 3684 Heius.
439 3629 524 3688 Recte
545 3629 640 3706 itaque
658 3629 741 3687 addi·
772 3635 840 3707 bat;
857 3635 1010 3693 solennitas
1031 3629 1138 3708 quippe
1154 3627 1280 3686 eelebet·

238 3719 287 3767 lttr
305 3710 451 3788 epitheton
469 3715 615 3782 Cerealis,
643 3715 694 3770 sed
713 3725 742 3772 el
773 3720 912 3777 rimorum
936 3717 1013 3796 apud
1036 3713 1160 3772 Graecos
1186 3732 1279 3770 sucro·

238 3806 408 3872 praeterea,
433 3799 511 3872 quod
533 3817 610 3856 sacra
630 3799 743 3856 Cereris
773 3823 845 3861 rum.
862 3831 901 3850 -·
916 3803 999 3860 Irus-e
1013 3810 1108 3858 autem
1120 3795 1279 3874 responde·

211 3937 216 3948 ,
237 3877 277 3933 ibi
297 3879 532 3954 celebrabantrrr3
550 3881 626 3940 unde
652 3883 744 3961 suspi-
773 3905 805 3943 re
828 3889 864 3959 τῷ
890 3889 1034 3946 celebrere
1060 3901 1096 3939 ex
1120 3901 1157 3938 eo
1177 3891 1276 3956 patet,

165 4005 169 4013 s
238 3965 295 4020 cari
320 3963 405 4036 licet,
434 3968 469 4025 ad
494 3967 565 4024 liaeo
588 3986 666 4026 sacra
696 3966 743 4026 rel
773 3973 853 4048 quud
871 3974 1006 4030 conuiuis
1028 3968 1146 4026 dicimus
1165 3970 1241 4024 inire.

240 4048 311 4107 terra
328 4051 497 4111 celebrando
513 4052 675 4112 Eleusinem
696 4072 743 4115 re·
802 4061 845 4117 68.
859 4057 1119 4118 Gnosia-humus.
1129 4053 1280 4124 creona·
