2802 4838
263 402 306 473 a
452 391 773 488 nutsrona
809 395 1114 474 sueonos.
1214 475 1223 492 ,

265 591 330 661 Cui
352 611 424 657 mea
447 587 620 674 virginitas
642 583 760 652 avibus
781 581 889 654 libata
909 589 1082 674 sinistris,-
1237 591 1300 663 115

329 699 498 788 Castaque
518 691 631 760 sallaei
653 716 741 776 zona
761 696 912 763 recincta
933 720 1049 764 manu.

263 799 424 877 Pronuba
448 799 639 893 Tisiphone
663 801 816 871 thalamis
838 799 980 872 ululavit
1001 803 1039 871 in
1060 793 1151 892 illis,

215 903 220 914 ’
329 913 376 980 Et
397 911 525 981 eeeinit
545 927 711 980 moestum
731 909 830 983 devia
851 932 988 978 carmen
1009 911 1089 980 avis.

304 1139 361 1198 ns.
380 1135 636 1206 Avitus-samaro,
649 1131 666 1195 i.
678 1155 703 1195 e.
721 1129 768 1192 in·
798 1149 899 1194 aonam
924 1132 1060 1192 solverint
1093 1131 1205 1204 mariti,
1231 1133 1305 1192 red-¹

264 1223 337 1283 felici
362 1223 467 1284 omine.
500 1225 577 1282 Ares
594 1220 672 1278 enirn
691 1241 708 1278 a
727 1222 768 1278 ai·
799 1221 841 1278 dit
860 1221 961 1276 Festus
977 1217 1008 1275 in
1029 1237 1054 1277 v.
1071 1219 1188 1295 cingulo.

265 1308 352 1364 nistra
359 1317 440 1386 parte
449 1306 576 1368 volantes
584 1302 768 1381 malurnquid
837 1323 895 1374 ¹¹7·
913 1303 1059 1362 frontale.
1088 1303 1193 1360 Poetae
1215 1319 1304 1360 uem-¹

264 1389 473 1469 portendebant
484 1387 561 1466 apud
573 1389 707 1446 Graecos.
725 1389 770 1446 Si·
798 1407 836 1468 pe
860 1385 987 1444 infaustis
1018 1387 1123 1463 nuptiis
1155 1385 1304 1462 pronubas

266 1475 354 1532 nistra
377 1485 481 1534 autern¹
493 1473 592 1533 mundi
619 1491 686 1550 pars
708 1483 769 1529 erat
800 1484 830 1528 et
848 1469 975 1548 auspices
992 1469 1077 1528 furias
1095 1471 1185 1529 lacere
1198 1469 1303 1527 solent.

264 1555 376 1628 habita,
394 1571 470 1634 quae
484 1573 630 1628 oceasum,
654 1556 768 1628 dextra,
800 1555 896 1613 Βιιιιιι.
915 1547 949 1612 cl!
962 1555 1078 1611 Metam.
1095 1551 1302 1613 laha-311.

266 1659 341 1718 quae
365 1652 459 1699 ortum
482 1638 633 1718 spectabat
650 1638 690 1700 V.
716 1640 769 1698 Er·
801 1659 844 1716 sq.
868 1639 904 1696 el.
927 1658 970 1700 rs.
993 1645 1035 1706 tr.
1060 1636 1092 1695 h.
1122 1635 1211 1715 Epist.
1239 1635 1305 1691 ru·

264 1723 394 1784 Feithios
421 1723 521 1800 Antiq.
548 1725 631 1782 Hom
656 1723 688 1780 t.
701 1725 725 1786 1.
744 1739 768 1779 e.
801 1723 860 1781 rias
879 1722 1040 1794 tres-luisse
1059 1719 1210 1792 dicuntur,
1230 1719 1305 1776 Ate-

268 1811 308 1867 16.
326 1825 354 1886 p.
373 1813 428 1867 1¹82
447 1827 503 1884 seq.
522 1820 553 1865 et
573 1817 644 1864 anet
663 1805 704 1864 ihi
723 1809 768 1865 cit.
802 1818 863 1876 eto,
879 1807 1026 1882 Megaera,
1037 1805 1239 1884 etTisiphone,
1253 1803 1308 1861 lla-

266 1893 405 1950 Meziriae.
420 1892 453 1950 in
470 1902 619 1950 comment.
646 1891 771 1962 Contra·-
802 1889 889 1968 gellis*
901 1901 930 1946 et
945 1889 1052 1947 facibus
1068 1901 1211 1960 armatae,
1229 1906 1307 1966 quae

265 1975 341 2036 rium
352 1975 429 2054 apud
437 1977 577 2033 Romanos
591 1975 694 2038 suitv.
703 1975 770 2034 Not.
802 1971 964 2031 carnificum
986 1990 1104 2030 munere
1128 1973 1205 2050 apud
1232 1973 1310 2029 inle-

267 2060 305 2118 ad
324 2058 408 2117 Plinii
428 2057 630 2135 Panegyricum
650 2077 672 2116 c.
691 2065 717 2118 5.
741 2072 772 2118 et
802 2073 849 2114 roa
875 2057 1034 2132 lungatntur
1062 2067 1092 2112 et
1119 2073 1175 2134 pro
1195 2053 1306 2134 capillis

267 2141 343 2202 Fest
357 2145 387 2200 in
406 2164 432 2202 v.
449 2161 582 2202 scaevus
598 2155 628 2202 et
641 2149 772 2205 simam
803 2159 909 2216 angues
931 2139 1046 2199 habent.
1080 2141 1230 2200 Pometiae
1252 2161 1309 2197 au·

266 2227 690 2306 aves.KttppenErkltr.Amn.
705 2249 771 2286 aum
801 2231 885 2294 tem,
912 2235 983 2282 teste
1010 2226 1110 2282 Festo·
1131 2223 1309 2283 Grammati-

267 2313 352 2387 ΙΗοιιι.
373 2310 406 2368 11.
429 2312 457 2368 b.
475 2309 511 2368 n.
539 2331 581 2370 rs·
597 2316 661 2382 353.Ι
680 2324 711 2370 et
732 2312 771 2369 ibi
802 2325 836 2364 co
861 2308 891 2365 in
917 2329 967 2379 sn,
998 2308 1205 2368 adhibebantur
1229 2327 1309 2386 nup·

257 2397 316 2454 eit.
334 2395 446 2454 Ernesti
463 2394 585 2454 inclara
602 2397 663 2454 eie.
684 2419 710 2458 v,
724 2401 771 2456 St.
801 2390 847 2448 tiis
873 2392 989 2468 auspicii
1012 2412 1114 2464 caiisa,
1147 2403 1179 2452 ut
1205 2394 1308 2469 singu·

268 2487 358 2542 nister
375 2490 405 2537 et
420 2477 503 2545 adh.
519 2497 562 2537 vs.
581 2481 625 2538 Cl,
644 2480 769 2560 Lennep,
801 2474 864 2531 lare
893 2489 1057 2552 perseveret
1085 2479 1310 2536 matrimonium.

297 2565 464 2632 cui-libata,
477 2561 494 2617 i.
507 2579 533 2626 e,
547 2585 563 2620 a
575 2584 632 2642 quo
645 2567 771 2641 primum
802 2561 937 2617 Pronuba
958 2561 1074 2632 dicitur,
1088 2563 1173 2640 qnod
1194 2560 1312 2619 nuben-

268 2661 376 2727 erepta.
386 2649 492 2705 Libane
503 2647 620 2724 proprie
632 2647 772 2720 solemus,
805 2641 879 2700 tibus
893 2651 1022 2720 praeest,
1038 2645 1251 2724 nubentemque
1265 2645 1313 2704 vi·

268 2731 408 2812 quidquid
428 2729 528 2786 leviter
553 2743 715 2804 gustamus,
745 2744 775 2790 et
793 2745 837 2784 ’το
856 2729 1018 2804 conjungit,
1036 2741 1121 2807 atque
1134 2731 1233 2788 eadem
1246 2741 1309 2797 est,

162 2879 168 2888 p
267 2815 367 2894 primis
389 2810 477 2872 veluti
496 2810 582 2869 labris
599 2815 772 2892 attingimus.
805 2829 880 2888 quae
897 2816 1120 2891 Paranpnpda,·
1134 2834 1199 2872 nam
1214 2817 1314 2889 Nym-

273 2899 336 2956 δικ.
801 2898 861 2972 pta
879 2908 923 2952 est
942 2897 1002 2975 ipsa
1018 2919 1121 2974 sponsa
1139 2900 1168 2955 iu
1191 2901 1313 2976 nuptiis.

255 3011 259 3022 ·
306 2987 364 3042 ns.
384 2983 469 3040 nom
482 2990 533 3037 ete
551 2979 685 3040 Solebant
698 2983 774 3041 enim
799 2982 868 3037 Boe
884 2999 954 3039 reru
974 2981 1065 3040 officio
1077 2983 1156 3059 fungi
1168 2982 1315 3042 interdum

266 3067 321 3129 viri
336 3063 428 3144 prima
443 3075 525 3120 nocte
538 3083 658 3142 sponsae
674 3085 775 3124 aonam
799 3067 882 3128 -Deas
904 3063 1022 3122 fabulati
1042 3075 1110 3126 suut
1127 3075 1251 3142 poetae,
1267 3081 1318 3126 ·ut

269 3149 399 3218 solvere,
423 3167 509 3224 qnam
528 3147 630 3206 Graeci
648 3149 774 3220 Veneri,
805 3151 852 3211 vel
868 3149 957 3226 magis
974 3147 1023 3208 rel
1034 3148 1127 3204 nunus
1138 3159 1199 3205 rata
1215 3163 1318 3210 essent

270 3233 361 3292 Latini
372 3230 477 3288 lunoni
496 3229 612 3289 Cinniae
630 3232 678 3290 rel
695 3233 775 3290 Deae
806 3233 971 3312 nuptiarum
993 3231 1125 3307 auspicia·
1166 3233 1318 3307 Quoniam

268 3315 432 3393 Virginemi
448 3311 606 3372 sacrabant.
625 3315 773 3374 Sduader.
788 3341 792 3352 ¹
805 3319 960 3378 Pisaeae
975 3317 1034 3376 sire
1047 3325 1249 3396 anteanuptue
1258 3319 1321 3378 tlu-

269 3397 309 3459 ad
333 3400 483 3457 Musaetnn
511 3413 534 3455 e
559 3419 602 3456 m.
630 3419 693 3478 pag.
712 3407 789 3476 349.-
807 3419 871 3458 esre
894 3421 1028 3478 sponsam
1054 3399 1085 3456 in
1105 3399 1263 3459 thalamum
1286 3415 1321 3462 et

270 3481 444 3541 zosabaae
463 3479 548 3539 etiam
568 3493 659 3544 emtus
683 3483 792 3557 dictur
807 3484 839 3542 in
861 3483 933 3542 lecto
961 3483 1098 3541 collocare
1125 3488 1136 3556 (
1146 3485 1185 3546 V.
1204 3486 1320 3545 Donat.

271 3567 350 3625 unde
369 3571 493 3624 incestae
509 3569 628 3644 nuptiae
646 3567 788 3646 appella-¹
808 3569 847 3628 ad
865 3569 981 3626 Terent.
998 3567 1072 3630 Eun.
1093 3569 1154 3626 Aet
1165 3569 1215 3626 111.
1233 3589 1274 3627 se.
1291 3579 1318 3630 5.

271 3663 318 3710 tae
328 3651 505 3729 prohibitae,
518 3653 733 3730 mulegitinma,
748 3651 778 3710 in
808 3672 849 3712 vs.
869 3655 935 3726 45.)
962 3651 1078 3709 easdem
1106 3665 1136 3709 et
1157 3669 1257 3712 canere
1285 3672 1322 3716 ut

271 3735 376 3816 quihus
399 3745 490 3793 cestro
517 3755 575 3792 non
597 3748 642 3792 est
664 3734 778 3796 adhibi-
808 3735 965 3814 plurimum
993 3735 1123 3794 solebant
1151 3743 1322 3818 Hpnem.

273 3832 330 3880 tus.
366 3819 476 3878 ciosau.
503 3819 539 3879 cs.
558 3820 656 3877 Horat.
678 3821 710 3880 L.
724 3821 776 3877 ΠΙ.
809 3837 866 3886 ona
882 3818 950 3876 hine
967 3820 1125 3897 Tisiphone
1148 3821 1177 3881 h.
1192 3823 1208 3881 l.
1231 3823 1324 3902 lingi-

274 3904 337 3968 Od.
362 3907 388 3960 6.
417 3921 456 3962 rs.
481 3905 523 3960 23.
558 3901 707 3962 Schrader.
741 3903 780 3964 ad
810 3911 858 3960 tur
878 3921 1060 3962 uouemere
1079 3907 1129 3964 sed
1156 3909 1263 3966 ululare
1288 3911 1325 3968 in

274 3989 422 4045 limaeam
443 3991 687 4062 c.18.pag.317.
707 3995 737 4044 et
752 4003 777 4042 c.
811 3985 957 4058 thalamis,
977 3989 1078 4045 eodem
1104 4003 1208 4066 paeto,
1225 3995 1266 4050 uti
1288 3997 1325 4054 in

224 4125 229 4135 ,
254 4077 257 4090 ’
276 4090 316 4128 aa.
335 4089 397 4150 pag.
411 4071 471 4138 oto.
500 4068 667 4142 Manem,
690 4087 781 4147 quare
809 4071 917 4148 nuptiis
931 4069 1052 4129 Didonis
1067 4076 1229 4135 atheneus.
1244 4079 1326 4140 Aen.
