2802 4838
227 335 276 390 m
502 305 1004 422 rnoouurum

224 515 398 616 eleganter
417 505 515 581 docti
536 507 715 604 hominis,
736 505 805 580 vita
826 506 943 584 Ovidii
968 501 1090 579 ordine
1112 499 1264 582 chronon

222 643 335 744 logico
363 637 505 739 digesta.

269 771 402 846 Verum
421 765 482 840 hle
505 763 614 838 multo
635 765 766 866 majora
789 789 828 836 se
851 761 940 837 mihi
965 759 1120 834 offerunt
1143 757 1264 833 dicen·

222 899 291 989 da,
315 909 504 998 nostroque
521 905 726 991 argumento
750 888 934 994 propiora,
959 889 1107 988 quaein
1129 887 1268 960 univer·

223 1052 303 1100 sum
328 1026 424 1128 prius
448 1046 505 1096 me
529 1043 673 1094 monere
705 1031 863 1119 oportet,
888 1039 996 1118 quam
1030 1012 1076 1087 ad
1098 1015 1270 1115 inter-pre·

221 1157 392 1230 tationem
432 1150 630 1224 carminum
667 1145 797 1249 pedem
836 1169 1073 1249 promoveam
1135 1140 1268 1214 Omnia

221 1283 353 1386 quippo
378 1275 436 1356 bic
454 1289 607 1378 occupat
631 1275 833 1378 ingenium
859 1275 927 1352 hae
957 1272 1118 1354 facultue
1145 1293 1270 1368 oense·

223 1411 255 1482 ri
276 1403 351 1480 vult
374 1403 515 1482 divinus
527 1405 660 1496 Poeta,
680 1403 749 1479 hac
769 1403 944 1478 aestimari
962 1401 1055 1476 liber
1071 1403 1143 1500 ejus
1167 1395 1271 1496 spiri·

172 1529 177 1548 '
223 1551 281 1610 tus
301 1549 337 1608 et
368 1533 505 1608 indoles
533 1533 732 1606 carminum
765 1530 897 1625 debet,
924 1555 997 1605 non
1022 1529 1118 1601 enim
1142 1525 1172 1599 is
1196 1535 1272 1596 erat

220 1666 351 1756 Poeta,
377 1663 447 1767 qui
457 1664 572 1764 legem
594 1659 741 1734 Pedium
762 1660 832 1761 (1)
853 1661 970 1750 novit,
995 1643 1171 1758 verbaque
1191 1677 1276 1754 pro-

222 1791 389 1868 babiliter
414 1789 545 1890 adligat
574 1787 707 1888 rythmi
736 1800 772 1860 et
804 1809 988 1860 mensurae
1010 1781 1185 1873 vinculis,
1209 1775 1277 1852 sed

226 1922 286 2025 qui
315 1920 532 1996 inventionis
557 1919 660 1994 laude
681 1915 810 2009 floret,
835 1937 959 2015 resque
982 1933 1177 2010 numquam
1200 1927 1278 2005 ges-

226 2061 303 2142 tas,
336 2061 378 2120 ut
410 2060 546 2149 gestas,
568 2047 627 2129 sic
661 2045 707 2123 ad
735 2043 844 2124 fidem
867 2053 1080 2141 temporum
1114 2033 1212 2109 canit
1239 2044 1281 2102 et

224 2175 414 2254 hominum
447 2197 562 2246 mores
587 2168 823 2252 verisimiliter
855 2170 904 2244 ita
934 2164 1114 2268 depingit,
1147 2175 1189 2236 ut
1216 2172 1280 2232 aut

224 2305 304 2380 fieri
332 2303 485 2402 potuisse
518 2299 587 2374 luoc
609 2310 737 2400 pacto,
773 2309 834 2372 aut
867 2294 1060 2394 oportuisse
1091 2285 1281 2360 lectoribus

227 2431 456 2533 persuadeat:
492 2409 598 2534 quam
633 2400 828 2502 finitionem
866 2445 949 2496 cum
987 2441 1112 2506 sumo,
1146 2412 1279 2503 facile,

228 2584 335 2660 quum
355 2557 546 2637 dilliculter
568 2555 722 2664 aliquis
714 2552 783 2628 sibi
800 2572 931 2628 nomen
952 2553 1079 2648 poeitae
1101 2541 1280 2617 vindicare

227 2689 362 2789 possit,
382 2687 613 2788 intelligetur.
662 2682 753 2758 Dico
774 2691 885 2758 artem
916 2667 1121 2748 inveniendi
1147 2668 1282 2770 praeci·

228 2839 339 2918 paam
362 2841 438 2890 esse
460 2822 588 2917 posue
607 2811 749 2900 dotem,
772 2829 862 2916 quae
889 2829 959 2875 non
981 2802 1019 2874 in
1045 2823 1086 2874 eo
1117 2797 1182 2874 sita
1205 2807 1284 2886 est,

229 2957 271 3018 ut
291 2943 409 3019 omnia
439 2970 505 3046 pro
528 2938 672 3019 arbitrio
690 2941 821 3040 fingat,
844 2945 887 3004 ut
908 2951 1025 3032 neque
1057 2949 1139 3030 pes,
1165 2947 1282 3025 neque

230 3085 336 3176 caput
359 3074 422 3146 uni
446 3067 614 3156 reddatur
647 3067 803 3156 formae·
827 3057 1014 3160 alioquin
1005 3083 1041 3130 m
1069 3078 1150 3128 eum
1177 3047 1283 3122 cade-

231 3213 312 3290 ret,
343 3197 438 3302 quod
471 3199 521 3274 ait
554 3167 720 3274 Horatius
752 3190 797 3269 de
830 3196 1010 3290 poetastro
1035 3183 1103 3282 Ep.
1138 3178 1182 3250 ud
1207 3174 1283 3250 Pis.

166 3345 169 3352 ⁴
231 3349 284 3426 γε
299 3325 368 3422 30,
392 3325 458 3425 sed
486 3339 526 3400 ut
548 3329 725 3430 princeps
756 3328 1019 3416 argumentum,
1053 3307 1108 3384 vel
1134 3307 1281 3394 fictum,

142 3493 144 3498 ·
234 3412 332 3538 lele
359 3453 520 3555 populari
538 3477 678 3530 rumore
705 3459 882 3550 sumtum,
908 3442 963 3518 rel
992 3437 1199 3540 antiquitate
1220 3429 1286 3502 du

236 3577 377 3668 bium
368 3575 547 3680 ingeniose
574 3579 688 3678 legat3
717 3575 811 3651 unde
839 3586 959 3648 tamen
982 3567 1077 3640 haud
1103 3561 1284 3664 sequitur,

237 3719 278 3787 ut
308 3706 395 3784 fides
415 3714 598 3809 poetarum
621 3705 659 3778 in
684 3715 891 3806 argumento
915 3698 1082 3772 historico
1106 3693 1178 3770 vim
1205 3687 1287 3758 nul.

277 3990 339 4062 (ι)
357 3989 390 4046 V.
410 3988 525 4044 sueton.
546 3987 572 4040 in
601 3986 682 4042 Caes.
699 4003 724 4042 c.
737 3991 768 4040 88
785 4021 793 4054 ,
811 3981 974 4070 iuNoronc
998 3999 1019 4036 ε,
1036 3985 1063 4036 3.
1087 3977 1119 4034 'll
