2920 4814
580 853 802 888 a*

228 1323 913 1487 cuursrornonr
967 1299 1177 1446 saxi

388 1689 1063 1846 rucouurutt·¹

167 2057 334 2170 lustrari
372 2095 483 2173 nostri
516 2095 605 2172 ratic
637 2120 713 2170 non
748 2091 880 2197 patitur
894 2117 910 2186 ,‘
931 2110 994 2186 ut,
1026 2087 1151 2194 qualis·
1169 2089 1217 2162 sit

167 2227 276 2316 pocta
296 2221 465 2317 Ovidius,
491 2224 588 2300 unde
612 2235 730 2314 ortus,
754 2221 817 2294 ubi
850 2223 999 2314 vixerit,
1025 2246 1089 2294 cur
1116 2215 1212 2292 exilii

166 2339 343 2420 fortunam
364 2347 481 2422 subire
514 2345 700 2440 debuerit,
727 2339 867 2424 curiose
886 2345 1104 2442 describam
1125 2371 1214 2449 cpe·

166 2491 204 2543 ra
227 2472 323 2546 enim
341 2471 428 2549 haee
450 2473 540 2548 foret
560 2499 642 2550 cum
669 2475 803 2552 inutilis
827 2491 907 2572 post
926 2475 1095 2550 Virorum
1118 2473 1212 2549 Doc-

164 2607 281 2672 torum
297 2597 500 2676 collocatam
518 2603 556 2677 in
573 2627 613 2675 ea
631 2627 671 2678 re
696 2601 937 2706 diligentiam,
964 2616 1039 2677 tum
1052 2604 1096 2710 in
1112 2593 1212 2706 prin·

164 2725 257 2826 cipio
274 2727 516 2830 Epistularum
536 2731 771 2808 Hero'r'carum
792 2729 887 2805 haud
919 2729 1070 2805 multum
1093 2731 1213 2833 profu·

163 2857 253 2928 tura.
301 2855 392 2950 Quis
425 2860 522 2932 enim
547 2861 663 2936 nescit
697 2858 827 2932 vixisse
861 2855 1032 2934 Ovidium
1059 2861 1098 2934 in
1130 2857 1208 2934 aula

159 2981 326 3080 Augusti,
352 2981 412 3059 illa
436 2985 660 3085 ingeniorum
688 2985 857 3074 fautrice,
882 2981 1002 3090 ibique
1022 3013 1103 3061 eum
1124 2985 1208 3062 Vir·

159 3105 240 3204 gilio
270 3119 305 3184 et
334 3111 481 3188 Horatio
515 3113 794 3192 Triumuiratum
823 3111 918 3188 reiut
953 3115 1111 3215 poetices
1135 3141 1208 3190 am·

155 3231 366 3332 plificandae
396 3243 642 3334 constituisse,
667 3241 777 3342 gratia
800 3239 895 3342 apud
919 3239 1124 3344 Principem
1145 3269 1205 3319 va·

156 3353 284 3456 luisse,
308 3379 391 3468 post
419 3355 491 3446 sire
520 3394 664 3462 errore,
689 3370 764 3444 sive
796 3367 900 3469 crrlpa
928 3367 1018 3442 iram
1050 3369 1205 3444 Caesaris

158 3481 201 3556 in
220 3513 256 3558 se
278 3517 507 3592 provocasse,
530 3495 632 3582 nulla
652 3519 693 3570 re
722 3494 791 3570 alia
817 3471 887 3569 nisi
922 3495 1045 3570 exsilio
1074 3494 1204 3572 sedan·

157 3609 241 3686 dam
259 3619 550 3728 expiandamque,
576 3619 723 3698 tandem
743 3619 885 3714 Tomis,
910 3621 950 3694 in
968 3621 1101 3724 oppido
1119 3645 1205 3726 pro·

155 3763 203 3840 pe
224 3747 309 3820 ostia
328 3747 410 3826 Istri
434 3751 652 3828 occubuisse.
702 3749 810 3825 Plura
832 3761 950 3824 tamen
976 3747 1022 3822 de
1040 3751 1127 3852 Ejus
1152 3747 1204 3822 vi·

156 3877 191 3938 ta
222 3869 310 3944 scire
337 3875 541 3958 volentibus
560 3877 703 3956 abunde
731 3871 918 3954 satisfaciet
941 3879 1017 3978 ipse
1049 3873 1199 3954 Ovidius

156 3991 262 4072 Trist.
287 4000 330 4076 L.
345 4003 407 4084 IV.
427 4006 484 4083 El.
509 4030 564 4084 ιο.
593 4017 630 4082 et
647 4017 767 4086 nostra
786 4016 898 4082 aetate
918 4004 995 4084 Jos.
1011 4003 1212 4108 Messenii,
