<?xml version="1.0" encoding="UTF-8"?>
<!DOCTYPE html PUBLIC "-//W3C//DTD XHTML 1.0 Transitional//EN"
    "http://www.w3.org/TR/xhtml1/DTD/xhtml1-transitional.dtd">
<html xmlns="http://www.w3.org/1999/xhtml" xml:lang="en" lang="en">
 <head>
  <title>
</title>
<meta http-equiv="Content-Type" content="text/html;charset=utf-8" />
  <meta name='ocr-system' content='tesseract 3.04.00' />
  <meta name='ocr-capabilities' content='ocr_page ocr_carea ocr_par ocr_line ocrx_word'/>
</head>
<body>
  <div class='ocr_page' id='page_1' title='image "./povidiinasonish00terpgoog_0112.png"; bbox 0 0 2760 4822; ppageno 0'>
   <div class='ocr_carea' id='block_1_1' title="bbox 175 359 1157 494">
    <p class='ocr_par' dir='ltr' id='par_1_1' title="bbox 175 359 1157 494">
     <span class='ocr_line' id='line_1_1' title="bbox 175 359 1157 494; baseline 0 -11"><span class='ocrx_word' id='word_1_1' title='bbox 175 401 196 432; x_wconf 89' lang='lat'>··</span> <span class='ocrx_word' id='word_1_2' title='bbox 229 407 277 482; x_wconf 78' lang='lat' dir='ltr'>to</span> <span class='ocrx_word' id='word_1_3' title='bbox 433 359 755 481; x_wconf 77' lang='lat' dir='ltr'>nnrsroua</span> <span class='ocrx_word' id='word_1_4' title='bbox 791 401 1075 494; x_wconf 66' lang='lat' dir='ltr'>Quaerat</span> <span class='ocrx_word' id='word_1_5' title='bbox 1154 405 1157 412; x_wconf 87' lang='grc'>·</span> 
     </span>
    </p>
   </div>
   <div class='ocr_carea' id='block_1_2' title="bbox 230 589 1290 1215">
    <p class='ocr_par' dir='ltr' id='par_1_2' title="bbox 230 589 1252 787">
     <span class='ocr_line' id='line_1_2' title="bbox 230 589 1252 686; baseline 0.004 -26"><span class='ocrx_word' id='word_1_6' title='bbox 230 589 421 686; x_wconf 86' lang='lat' dir='ltr'>&#39;Quidquid</span> <span class='ocrx_word' id='word_1_7' title='bbox 443 591 550 662; x_wconf 79' lang='lat' dir='ltr'>amor</span> <span class='ocrx_word' id='word_1_8' title='bbox 572 591 688 677; x_wconf 79' lang='lat' dir='ltr'>iussit,</span> <span class='ocrx_word' id='word_1_9' title='bbox 712 612 784 656; x_wconf 89' lang='lat' dir='ltr'>non</span> <span class='ocrx_word' id='word_1_10' title='bbox 805 605 857 658; x_wconf 85' lang='lat' dir='ltr'>est</span> <span class='ocrx_word' id='word_1_11' title='bbox 878 609 1102 660; x_wconf 79' lang='lat' dir='ltr'>contemnere</span> <span class='ocrx_word' id='word_1_12' title='bbox 1125 606 1252 664; x_wconf 82' lang='lat' dir='ltr'>tutum·</span> 
     </span>
     <span class='ocr_line' id='line_1_3' title="bbox 299 689 1154 787; baseline -0.001 -17"><span class='ocrx_word' id='word_1_13' title='bbox 299 703 450 787; x_wconf 82' lang='lat' dir='ltr'>Regnat,</span> <span class='ocrx_word' id='word_1_14' title='bbox 472 699 562 766; x_wconf 90' lang='lat' dir='ltr'>etin</span> <span class='ocrx_word' id='word_1_15' title='bbox 584 689 747 764; x_wconf 83' lang='lat' dir='ltr'>Dominus</span> <span class='ocrx_word' id='word_1_16' title='bbox 768 699 822 784; x_wconf 86' lang='lat' dir='ltr'>jus</span> <span class='ocrx_word' id='word_1_17' title='bbox 847 697 952 769; x_wconf 87' lang='lat' dir='ltr'>hahet</span> <span class='ocrx_word' id='word_1_18' title='bbox 972 695 1033 764; x_wconf 92' lang='lat' dir='ltr'>ille</span> <span class='ocrx_word' id='word_1_19' title='bbox 1054 699 1154 780; x_wconf 84' lang='lat' dir='ltr'>Deos·</span> 
     </span>
    </p>

    <p class='ocr_par' dir='ltr' id='par_1_3' title="bbox 233 793 1235 984">
     <span class='ocr_line' id='line_1_4' title="bbox 233 793 1235 895; baseline 0 -23"><span class='ocrx_word' id='word_1_20' title='bbox 233 805 297 883; x_wconf 87' lang='lat' dir='ltr'>Ille</span> <span class='ocrx_word' id='word_1_21' title='bbox 318 805 406 874; x_wconf 88' lang='lat' dir='ltr'>mihi</span> <span class='ocrx_word' id='word_1_22' title='bbox 426 806 540 895; x_wconf 85' lang='lat' dir='ltr'>primo</span> <span class='ocrx_word' id='word_1_23' title='bbox 563 801 736 870; x_wconf 75' lang='lat' dir='ltr'><strong>dubitanti</strong></span> <span class='ocrx_word' id='word_1_24' title='bbox 758 803 931 888; x_wconf 87' lang='lat' dir='ltr'>scribere,</span> <span class='ocrx_word' id='word_1_25' title='bbox 953 801 1066 890; x_wconf 74' lang='lat' dir='ltr'>dixit3</span> <span class='ocrx_word' id='word_1_26' title='bbox 1232 793 1235 798; x_wconf 38' lang='lat'>¹</span> 
     </span>
     <span class='ocr_line' id='line_1_5' title="bbox 301 906 1081 984; baseline -0.005 -2"><span class='ocrx_word' id='word_1_27' title='bbox 301 912 445 984; x_wconf 77' lang='lat' dir='ltr'>Scribo:</span> <span class='ocrx_word' id='word_1_28' title='bbox 469 908 568 978; x_wconf 85' lang='lat' dir='ltr'>dabit</span> <span class='ocrx_word' id='word_1_29' title='bbox 588 910 693 979; x_wconf 85' lang='lat' dir='ltr'>victas</span> <span class='ocrx_word' id='word_1_30' title='bbox 714 907 846 974; x_wconf 85' lang='lat' dir='ltr'>ferreus</span> <span class='ocrx_word' id='word_1_31' title='bbox 866 906 926 976; x_wconf 92' lang='lat' dir='ltr'>ille</span> <span class='ocrx_word' id='word_1_32' title='bbox 947 933 1081 979; x_wconf 87' lang='lat' dir='ltr'>manus.</span> 
     </span>
    </p>

    <p class='ocr_par' dir='ltr' id='par_1_4' title="bbox 236 1013 1290 1106">
     <span class='ocr_line' id='line_1_6' title="bbox 236 1013 1290 1106; baseline -0.003 -14"><span class='ocrx_word' id='word_1_33' title='bbox 236 1020 360 1104; x_wconf 79' lang='lat' dir='ltr'>Adsit,</span> <span class='ocrx_word' id='word_1_34' title='bbox 381 1037 436 1106; x_wconf 91' lang='lat' dir='ltr'>et,</span> <span class='ocrx_word' id='word_1_35' title='bbox 458 1035 498 1084; x_wconf 90' lang='lat' dir='ltr'>ut</span> <span class='ocrx_word' id='word_1_36' title='bbox 519 1032 651 1083; x_wconf 89' lang='lat' dir='ltr'>nostras</span> <span class='ocrx_word' id='word_1_37' title='bbox 672 1013 774 1084; x_wconf 85' lang='lat' dir='ltr'>avido</span> <span class='ocrx_word' id='word_1_38' title='bbox 793 1013 887 1086; x_wconf 74' lang='lat' dir='ltr'>soret</span> <span class='ocrx_word' id='word_1_39' title='bbox 908 1017 988 1104; x_wconf 79' lang='lat' dir='ltr'>igne</span> <span class='ocrx_word' id='word_1_40' title='bbox 1009 1017 1197 1104; x_wconf 77' lang='lat' dir='ltr'><strong>medullas,</strong></span> <span class='ocrx_word' id='word_1_41' title='bbox 1245 1019 1290 1090; x_wconf 82' lang='lat'>15</span> 
     </span>
    </p>

    <p class='ocr_par' dir='ltr' id='par_1_5' title="bbox 252 1121 1012 1215">
     <span class='ocr_line' id='line_1_7' title="bbox 252 1121 1012 1215; baseline -0.003 -20"><span class='ocrx_word' id='word_1_42' title='bbox 252 1159 258 1166; x_wconf 92' lang='lat'><strong>·</strong></span> <span class='ocrx_word' id='word_1_43' title='bbox 304 1127 429 1215; x_wconf 76' lang='lat' dir='ltr'>Fingat</span> <span class='ocrx_word' id='word_1_44' title='bbox 448 1126 499 1192; x_wconf 84' lang='lat' dir='ltr'>sic</span> <span class='ocrx_word' id='word_1_45' title='bbox 519 1124 649 1192; x_wconf 86' lang='lat' dir='ltr'>animos</span> <span class='ocrx_word' id='word_1_46' title='bbox 670 1121 709 1190; x_wconf 93' lang='lat' dir='ltr'>in</span> <span class='ocrx_word' id='word_1_47' title='bbox 729 1143 805 1190; x_wconf 87' lang='lat' dir='ltr'>mea</span> <span class='ocrx_word' id='word_1_48' title='bbox 827 1139 905 1192; x_wconf 86' lang='lat' dir='ltr'>vota</span> <span class='ocrx_word' id='word_1_49' title='bbox 925 1140 1012 1194; x_wconf 88' lang='lat' dir='ltr'>tuos.</span> 
     </span>
    </p>
   </div>
   <div class='ocr_carea' id='block_1_3' title="bbox 187 1365 1378 3889">
    <p class='ocr_par' dir='ltr' id='par_1_6' title="bbox 187 1365 1378 3889">
     <span class='ocr_line' id='line_1_8' title="bbox 237 1365 1291 1452; baseline -0.008 -19"><span class='ocrx_word' id='word_1_50' title='bbox 237 1391 328 1452; x_wconf 80' lang='lat' dir='ltr'>quam</span> <span class='ocrx_word' id='word_1_51' title='bbox 341 1370 542 1432; x_wconf 81' lang='lat' dir='ltr'>verecundiam</span> <span class='ocrx_word' id='word_1_52' title='bbox 566 1367 699 1448; x_wconf 87' lang='lat' dir='ltr'>Cupido,</span> <span class='ocrx_word' id='word_1_53' title='bbox 715 1378 746 1430; x_wconf 77' lang='lat' dir='ltr'>te</span> <span class='ocrx_word' id='word_1_54' title='bbox 780 1388 865 1452; x_wconf 76' lang='lat' dir='ltr'>grave</span> <span class='ocrx_word' id='word_1_55' title='bbox 887 1365 1002 1428; x_wconf 78' lang='lat' dir='ltr'>amoris</span> <span class='ocrx_word' id='word_1_56' title='bbox 1022 1387 1131 1428; x_wconf 86' lang='lat' dir='ltr'>numen</span> <span class='ocrx_word' id='word_1_57' title='bbox 1150 1378 1181 1427; x_wconf 90' lang='lat' dir='ltr'>et</span> <span class='ocrx_word' id='word_1_58' title='bbox 1195 1367 1225 1425; x_wconf 93' lang='lat' dir='ltr'>in</span> <span class='ocrx_word' id='word_1_59' title='bbox 1238 1367 1291 1446; x_wconf 89' lang='lat' dir='ltr'>ip·</span> 
     </span>
     <span class='ocr_line' id='line_1_9' title="bbox 239 1453 1294 1538; baseline -0.004 -22"><span class='ocrx_word' id='word_1_60' title='bbox 239 1469 408 1538; x_wconf 70' lang='lat' dir='ltr'>praesente,</span> <span class='ocrx_word' id='word_1_61' title='bbox 425 1471 561 1534; x_wconf 79' lang='lat' dir='ltr'>superare</span> <span class='ocrx_word' id='word_1_62' title='bbox 571 1473 630 1510; x_wconf 89' lang='lat' dir='ltr'>non</span> <span class='ocrx_word' id='word_1_63' title='bbox 647 1464 751 1529; x_wconf 90' lang='lat' dir='ltr'>potue-</span> <span class='ocrx_word' id='word_1_64' title='bbox 782 1476 828 1516; x_wconf 81' lang='lat' dir='ltr'>sos</span> <span class='ocrx_word' id='word_1_65' title='bbox 845 1454 985 1531; x_wconf 85' lang='lat' dir='ltr'>majorum</span> <span class='ocrx_word' id='word_1_66' title='bbox 997 1453 1126 1531; x_wconf 78' lang='lat' dir='ltr'>gentium</span> <span class='ocrx_word' id='word_1_67' title='bbox 1137 1453 1216 1510; x_wconf 88' lang='lat' dir='ltr'>Deos</span> <span class='ocrx_word' id='word_1_68' title='bbox 1234 1453 1294 1526; x_wconf 65' lang='lat' dir='ltr'>ire-7</span> 
     </span>
     <span class='ocr_line' id='line_1_10' title="bbox 187 1533 1294 1620; baseline -0.005 -21"><span class='ocrx_word' id='word_1_69' title='bbox 187 1563 189 1570; x_wconf 61' lang='lat'><strong>¹</strong></span> <span class='ocrx_word' id='word_1_70' title='bbox 239 1552 307 1615; x_wconf 86' lang='lat' dir='ltr'>rat,</span> <span class='ocrx_word' id='word_1_71' title='bbox 324 1559 403 1614; x_wconf 80' lang='lat' dir='ltr'>eum,</span> <span class='ocrx_word' id='word_1_72' title='bbox 421 1551 450 1620; x_wconf 82' lang='lat' dir='ltr'>te</span> <span class='ocrx_word' id='word_1_73' title='bbox 463 1537 597 1610; x_wconf 78' lang='lat' dir='ltr'>ahsente,</span> <span class='ocrx_word' id='word_1_74' title='bbox 619 1537 704 1616; x_wconf 83' lang='lat' dir='ltr'>fregit</span> <span class='ocrx_word' id='word_1_75' title='bbox 723 1548 754 1595; x_wconf 92' lang='lat' dir='ltr'>et</span> <span class='ocrx_word' id='word_1_76' title='bbox 783 1540 894 1620; x_wconf 89' lang='lat' dir='ltr'>perium</span> <span class='ocrx_word' id='word_1_77' title='bbox 911 1556 989 1608; x_wconf 85' lang='lat' dir='ltr'>esse,</span> <span class='ocrx_word' id='word_1_78' title='bbox 1006 1540 1086 1615; x_wconf 87' lang='lat' dir='ltr'>cujus</span> <span class='ocrx_word' id='word_1_79' title='bbox 1103 1537 1218 1596; x_wconf 79' lang='lat' dir='ltr'>arbitrio</span> <span class='ocrx_word' id='word_1_80' title='bbox 1238 1533 1294 1616; x_wconf 88' lang='lat' dir='ltr'>qui</span> 
     </span>
     <span class='ocr_line' id='line_1_11' title="bbox 241 1621 1295 1705; baseline -0.005 -22"><span class='ocrx_word' id='word_1_81' title='bbox 241 1625 328 1698; x_wconf 80' lang='lat' dir='ltr'>vicit,</span> <span class='ocrx_word' id='word_1_82' title='bbox 344 1644 438 1705; x_wconf 85' lang='lat' dir='ltr'>neque</span> <span class='ocrx_word' id='word_1_83' title='bbox 454 1624 485 1682; x_wconf 90' lang='lat' dir='ltr'>id</span> <span class='ocrx_word' id='word_1_84' title='bbox 507 1621 622 1682; x_wconf 85' lang='lat' dir='ltr'>demum</span> <span class='ocrx_word' id='word_1_85' title='bbox 641 1624 753 1682; x_wconf 80' lang='lat' dir='ltr'>scribe·</span> <span class='ocrx_word' id='word_1_86' title='bbox 784 1623 947 1681; x_wconf 82' lang='lat' dir='ltr'>mortalium</span> <span class='ocrx_word' id='word_1_87' title='bbox 960 1621 1125 1694; x_wconf 82' lang='lat' dir='ltr'>reluctetur,</span> <span class='ocrx_word' id='word_1_88' title='bbox 1136 1624 1220 1680; x_wconf 78' lang='lat' dir='ltr'>neeis</span> <span class='ocrx_word' id='word_1_89' title='bbox 1230 1642 1295 1678; x_wconf 81' lang='lat' dir='ltr'>ma·</span> 
     </span>
     <span class='ocr_line' id='line_1_12' title="bbox 241 1703 1295 1787; baseline -0.003 -20"><span class='ocrx_word' id='word_1_90' title='bbox 241 1729 275 1776; x_wconf 73' lang='lat' dir='ltr'>re</span> <span class='ocrx_word' id='word_1_91' title='bbox 289 1709 383 1787; x_wconf 85' lang='lat' dir='ltr'>jussit,</span> <span class='ocrx_word' id='word_1_92' title='bbox 402 1707 481 1787; x_wconf 92' lang='lat' dir='ltr'>quod</span> <span class='ocrx_word' id='word_1_93' title='bbox 493 1728 543 1768; x_wconf 82' lang='lat' dir='ltr'>ore</span> <span class='ocrx_word' id='word_1_94' title='bbox 553 1703 685 1784; x_wconf 78' lang='lat' dir='ltr'>proferri</span> <span class='ocrx_word' id='word_1_95' title='bbox 704 1724 755 1766; x_wconf 80' lang='lat' dir='ltr'>ve·</span> <span class='ocrx_word' id='word_1_96' title='bbox 783 1705 842 1764; x_wconf 88' lang='lat' dir='ltr'>lam</span> <span class='ocrx_word' id='word_1_97' title='bbox 856 1727 921 1765; x_wconf 87' lang='lat' dir='ltr'>rem</span> <span class='ocrx_word' id='word_1_98' title='bbox 936 1703 990 1764; x_wconf 87' lang='lat' dir='ltr'>sibi</span> <span class='ocrx_word' id='word_1_99' title='bbox 1004 1707 1126 1764; x_wconf 84' lang='lat' dir='ltr'>arcessit</span> <span class='ocrx_word' id='word_1_100' title='bbox 1161 1705 1295 1782; x_wconf 82' lang='lat' dir='ltr'>Obliquu</span> 
     </span>
     <span class='ocr_line' id='line_1_13' title="bbox 242 1789 1298 1870; baseline -0.006 -19"><span class='ocrx_word' id='word_1_101' title='bbox 242 1795 301 1858; x_wconf 73' lang='lat' dir='ltr'>tuit</span> <span class='ocrx_word' id='word_1_102' title='bbox 316 1793 417 1870; x_wconf 89' lang='lat' dir='ltr'>pudor.</span> <span class='ocrx_word' id='word_1_103' title='bbox 436 1792 469 1848; x_wconf 84' lang='lat' dir='ltr'>es.</span> <span class='ocrx_word' id='word_1_104' title='bbox 483 1811 539 1853; x_wconf 78' lang='lat' dir='ltr'>van</span> <span class='ocrx_word' id='word_1_105' title='bbox 557 1790 669 1849; x_wconf 86' lang='lat' dir='ltr'>Schelle</span> <span class='ocrx_word' id='word_1_106' title='bbox 686 1809 753 1868; x_wconf 78' lang='lat' dir='ltr'>pag.</span> <span class='ocrx_word' id='word_1_107' title='bbox 785 1789 910 1850; x_wconf 89' lang='lat' dir='ltr'>alienum</span> <span class='ocrx_word' id='word_1_108' title='bbox 928 1792 990 1867; x_wconf 80' lang='lat' dir='ltr'>ejus</span> <span class='ocrx_word' id='word_1_109' title='bbox 1007 1791 1135 1848; x_wconf 87' lang='lat' dir='ltr'>animum</span> <span class='ocrx_word' id='word_1_110' title='bbox 1153 1812 1170 1848; x_wconf 90' lang='lat' dir='ltr'>a</span> <span class='ocrx_word' id='word_1_111' title='bbox 1188 1789 1298 1868; x_wconf 78' lang='lat' dir='ltr'>uolup-</span> 
     </span>
     <span class='ocr_line' id='line_1_14' title="bbox 244 1873 1297 1954; baseline -0.008 -16"><span class='ocrx_word' id='word_1_112' title='bbox 244 1883 288 1954; x_wconf 66' lang='lat'>³³·</span> <span class='ocrx_word' id='word_1_113' title='bbox 305 1877 478 1954; x_wconf 79' lang='lat' dir='ltr'>Argumenti</span> <span class='ocrx_word' id='word_1_114' title='bbox 491 1875 536 1934; x_wconf 87' lang='lat' dir='ltr'>hic</span> <span class='ocrx_word' id='word_1_115' title='bbox 547 1873 687 1932; x_wconf 80' lang='lat' dir='ltr'>calumnia</span> <span class='ocrx_word' id='word_1_116' title='bbox 699 1873 756 1930; x_wconf 89' lang='lat' dir='ltr'>uti·</span> <span class='ocrx_word' id='word_1_117' title='bbox 785 1886 844 1933; x_wconf 82' lang='lat' dir='ltr'>tate</span> <span class='ocrx_word' id='word_1_118' title='bbox 879 1873 1085 1952; x_wconf 87' lang='lat' dir='ltr'>reprehendit,</span> <span class='ocrx_word' id='word_1_119' title='bbox 1112 1873 1270 1950; x_wconf 81' lang='lat' dir='ltr'>suadetque</span> <span class='ocrx_word' id='word_1_120' title='bbox 1284 1917 1297 1948; x_wconf 90' lang='lat'>,</span> 
     </span>
     <span class='ocr_line' id='line_1_15' title="bbox 244 1957 1297 2038; baseline -0.006 -18"><span class='ocrx_word' id='word_1_121' title='bbox 244 1973 295 2025; x_wconf 81' lang='lat' dir='ltr'>tur</span> <span class='ocrx_word' id='word_1_122' title='bbox 304 2004 315 2036; x_wconf 93' lang='lat'>,</span> <span class='ocrx_word' id='word_1_123' title='bbox 331 1980 501 2038; x_wconf 82' lang='lat' dir='ltr'>omnemque</span> <span class='ocrx_word' id='word_1_124' title='bbox 523 1958 659 2038; x_wconf 85' lang='lat' dir='ltr'>culpam,</span> <span class='ocrx_word' id='word_1_125' title='bbox 678 1977 753 2034; x_wconf 84' lang='lat' dir='ltr'>quae</span> <span class='ocrx_word' id='word_1_126' title='bbox 786 1978 824 2016; x_wconf 89' lang='lat' dir='ltr'>ne</span> <span class='ocrx_word' id='word_1_127' title='bbox 844 1959 875 2015; x_wconf 93' lang='lat' dir='ltr'>in</span> <span class='ocrx_word' id='word_1_128' title='bbox 890 1968 1038 2036; x_wconf 87' lang='lat' dir='ltr'>posterum</span> <span class='ocrx_word' id='word_1_129' title='bbox 1052 1959 1173 2018; x_wconf 85' lang='lat' dir='ltr'>Veneris</span> <span class='ocrx_word' id='word_1_130' title='bbox 1186 1969 1216 2014; x_wconf 89' lang='lat' dir='ltr'>et</span> <span class='ocrx_word' id='word_1_131' title='bbox 1231 1957 1297 2016; x_wconf 86' lang='lat' dir='ltr'>Cu-</span> 
     </span>
     <span class='ocr_line' id='line_1_16' title="bbox 243 2041 1299 2126; baseline -0.004 -24"><span class='ocrx_word' id='word_1_132' title='bbox 243 2045 428 2126; x_wconf 83' lang='lat' dir='ltr'>inpudicitiae</span> <span class='ocrx_word' id='word_1_133' title='bbox 445 2046 506 2122; x_wconf 80' lang='lat' dir='ltr'>ejus</span> <span class='ocrx_word' id='word_1_134' title='bbox 517 2055 599 2115; x_wconf 88' lang='lat' dir='ltr'>erat,</span> <span class='ocrx_word' id='word_1_135' title='bbox 615 2053 695 2100; x_wconf 88' lang='lat' dir='ltr'>uteo</span> <span class='ocrx_word' id='word_1_136' title='bbox 710 2053 756 2100; x_wconf 81' lang='lat' dir='ltr'>to·</span> <span class='ocrx_word' id='word_1_137' title='bbox 784 2041 889 2120; x_wconf 87' lang='lat' dir='ltr'>pidinis</span> <span class='ocrx_word' id='word_1_138' title='bbox 915 2045 986 2100; x_wconf 86' lang='lat' dir='ltr'>iram</span> <span class='ocrx_word' id='word_1_139' title='bbox 1007 2043 1171 2100; x_wconf 68' lang='lat' dir='ltr'>morositate</span> <span class='ocrx_word' id='word_1_140' title='bbox 1191 2061 1242 2100; x_wconf 82' lang='lat' dir='ltr'>sue</span> <span class='ocrx_word' id='word_1_141' title='bbox 1263 2041 1299 2098; x_wconf 86' lang='lat' dir='ltr'>in</span> 
     </span>
     <span class='ocr_line' id='line_1_17' title="bbox 244 2123 1298 2208; baseline -0.009 -16"><span class='ocrx_word' id='word_1_142' title='bbox 244 2129 391 2194; x_wconf 81' lang='lat' dir='ltr'>ier-abilior</span> <span class='ocrx_word' id='word_1_143' title='bbox 411 2127 616 2204; x_wconf 83' lang='lat' dir='ltr'>honestiorque</span> <span class='ocrx_word' id='word_1_144' title='bbox 639 2126 754 2208; x_wconf 84' lang='lat' dir='ltr'>videre·</span> <span class='ocrx_word' id='word_1_145' title='bbox 785 2145 817 2186; x_wconf 85' lang='lat' dir='ltr'>se</span> <span class='ocrx_word' id='word_1_146' title='bbox 828 2137 970 2204; x_wconf 78' lang='lat' dir='ltr'>provocet.</span> <span class='ocrx_word' id='word_1_147' title='bbox 990 2124 1165 2206; x_wconf 76' lang='lat' dir='ltr'>ciEuripid.</span> <span class='ocrx_word' id='word_1_148' title='bbox 1179 2123 1209 2184; x_wconf 88' lang='lat' dir='ltr'>in</span> <span class='ocrx_word' id='word_1_149' title='bbox 1221 2124 1298 2205; x_wconf 79' lang='lat' dir='ltr'>uip-</span> 
     </span>
     <span class='ocr_line' id='line_1_18' title="bbox 243 2210 1040 2292; baseline -0.006 -19"><span class='ocrx_word' id='word_1_150' title='bbox 243 2225 316 2291; x_wconf 75' lang='lat' dir='ltr'>tur,</span> <span class='ocrx_word' id='word_1_151' title='bbox 336 2214 366 2272; x_wconf 90' lang='lat' dir='ltr'>in</span> <span class='ocrx_word' id='word_1_152' title='bbox 384 2211 481 2268; x_wconf 88' lang='lat' dir='ltr'>Deum</span> <span class='ocrx_word' id='word_1_153' title='bbox 495 2223 526 2270; x_wconf 93' lang='lat' dir='ltr'>et</span> <span class='ocrx_word' id='word_1_154' title='bbox 546 2211 709 2268; x_wconf 84' lang='lat' dir='ltr'>Praesidem</span> <span class='ocrx_word' id='word_1_155' title='bbox 722 2231 755 2268; x_wconf 83' lang='lat' dir='ltr'>a·</span> <span class='ocrx_word' id='word_1_156' title='bbox 786 2210 843 2292; x_wconf 87' lang='lat' dir='ltr'>pul</span> <span class='ocrx_word' id='word_1_157' title='bbox 861 2229 903 2270; x_wconf 78' lang='lat' dir='ltr'>vs.</span> <span class='ocrx_word' id='word_1_158' title='bbox 914 2215 1040 2270; x_wconf 77' lang='lat'>6.-21.</span> 
     </span>
     <span class='ocr_line' id='line_1_19' title="bbox 246 2291 1300 2372; baseline 0.001 -20"><span class='ocrx_word' id='word_1_159' title='bbox 246 2297 336 2359; x_wconf 82' lang='lat' dir='ltr'>moris</span> <span class='ocrx_word' id='word_1_160' title='bbox 353 2294 480 2366; x_wconf 70' lang='lat' dir='ltr'>sonim,</span> <span class='ocrx_word' id='word_1_161' title='bbox 507 2294 587 2372; x_wconf 73' lang='lat' dir='ltr'>quasi</span> <span class='ocrx_word' id='word_1_162' title='bbox 615 2296 646 2354; x_wconf 91' lang='lat' dir='ltr'>id</span> <span class='ocrx_word' id='word_1_163' title='bbox 662 2307 758 2354; x_wconf 87' lang='lat' dir='ltr'>ratum</span> <span class='ocrx_word' id='word_1_164' title='bbox 833 2299 884 2369; x_wconf 80' lang='lat'>13,</span> <span class='ocrx_word' id='word_1_165' title='bbox 904 2292 945 2366; x_wconf 70' lang='lat' dir='ltr'>ru.¹</span> <span class='ocrx_word' id='word_1_166' title='bbox 977 2293 1022 2354; x_wconf 83' lang='lat' dir='ltr'>Ne</span> <span class='ocrx_word' id='word_1_167' title='bbox 1042 2296 1139 2372; x_wconf 78' lang='lat' dir='ltr'>itaque</span> <span class='ocrx_word' id='word_1_168' title='bbox 1162 2291 1300 2368; x_wconf 68' lang='lat' dir='ltr'>retheris,</span> 
     </span>
     <span class='ocr_line' id='line_1_20' title="bbox 247 2374 1302 2460; baseline -0.004 -18"><span class='ocrx_word' id='word_1_169' title='bbox 247 2383 287 2444; x_wconf 79' lang='lat' dir='ltr'>tit</span> <span class='ocrx_word' id='word_1_170' title='bbox 308 2385 389 2460; x_wconf 80' lang='lat' dir='ltr'>jure,</span> <span class='ocrx_word' id='word_1_171' title='bbox 415 2377 543 2438; x_wconf 82' lang='lat' dir='ltr'>moribus</span> <span class='ocrx_word' id='word_1_172' title='bbox 573 2389 604 2436; x_wconf 91' lang='lat' dir='ltr'>et</span> <span class='ocrx_word' id='word_1_173' title='bbox 626 2377 756 2458; x_wconf 83' lang='lat' dir='ltr'>legibus,</span> <span class='ocrx_word' id='word_1_174' title='bbox 788 2374 1031 2447; x_wconf 82' lang='lat' dir='ltr'>me,Novercam</span> <span class='ocrx_word' id='word_1_175' title='bbox 1053 2389 1147 2448; x_wconf 73' lang='lat' dir='ltr'>mam,</span> <span class='ocrx_word' id='word_1_176' title='bbox 1174 2389 1302 2456; x_wconf 80' lang='lat' dir='ltr'>propter</span> 
     </span>
     <span class='ocr_line' id='line_1_21' title="bbox 248 2461 1304 2544; baseline -0.001 -21"><span class='ocrx_word' id='word_1_177' title='bbox 248 2463 391 2544; x_wconf 85' lang='lat' dir='ltr'>quidquid</span> <span class='ocrx_word' id='word_1_178' title='bbox 407 2463 459 2522; x_wconf 85' lang='lat' dir='ltr'>iste</span> <span class='ocrx_word' id='word_1_179' title='bbox 475 2461 667 2538; x_wconf 76' lang='lat' dir='ltr'>nequitiarum</span> <span class='ocrx_word' id='word_1_180' title='bbox 687 2483 756 2520; x_wconf 90' lang='lat' dir='ltr'>oon-</span> <span class='ocrx_word' id='word_1_181' title='bbox 789 2461 996 2540; x_wconf 87' lang='lat' dir='ltr'>turpitudinem</span> <span class='ocrx_word' id='word_1_182' title='bbox 1005 2502 1016 2532; x_wconf 90' lang='lat'>,</span> <span class='ocrx_word' id='word_1_183' title='bbox 1032 2481 1105 2540; x_wconf 83' lang='lat' dir='ltr'>quae</span> <span class='ocrx_word' id='word_1_184' title='bbox 1119 2461 1186 2520; x_wconf 89' lang='lat' dir='ltr'>huic</span> <span class='ocrx_word' id='word_1_185' title='bbox 1200 2463 1243 2520; x_wconf 89' lang='lat' dir='ltr'>rei</span> <span class='ocrx_word' id='word_1_186' title='bbox 1255 2465 1304 2522; x_wconf 87' lang='lat' dir='ltr'>in-</span> 
     </span>
     <span class='ocr_line' id='line_1_22' title="bbox 249 2546 1304 2624; baseline -0.003 -15"><span class='ocrx_word' id='word_1_187' title='bbox 249 2550 359 2609; x_wconf 75' lang='lat' dir='ltr'>siliator</span> <span class='ocrx_word' id='word_1_188' title='bbox 390 2558 420 2605; x_wconf 93' lang='lat' dir='ltr'>et</span> <span class='ocrx_word' id='word_1_189' title='bbox 445 2546 626 2624; x_wconf 81' lang='lat' dir='ltr'>imaginarius</span> <span class='ocrx_word' id='word_1_190' title='bbox 657 2546 760 2604; x_wconf 80' lang='lat' dir='ltr'>artifex</span> <span class='ocrx_word' id='word_1_191' title='bbox 790 2563 852 2603; x_wconf 82' lang='lat' dir='ltr'>esse</span> <span class='ocrx_word' id='word_1_192' title='bbox 875 2548 1023 2619; x_wconf 68' lang='lat' dir='ltr'>videatur,</span> <span class='ocrx_word' id='word_1_193' title='bbox 1051 2565 1176 2604; x_wconf 87' lang='lat' dir='ltr'>amorem</span> <span class='ocrx_word' id='word_1_194' title='bbox 1197 2565 1304 2606; x_wconf 82' lang='lat' dir='ltr'>meum</span> 
     </span>
     <span class='ocr_line' id='line_1_23' title="bbox 249 2622 1305 2713; baseline -0.001 -22"><span class='ocrx_word' id='word_1_195' title='bbox 249 2633 441 2713; x_wconf 80' lang='lat' dir='ltr'>imperaverit</span> <span class='ocrx_word' id='word_1_196' title='bbox 479 2635 574 2692; x_wconf 78' lang='lat' dir='ltr'>Amor</span> <span class='ocrx_word' id='word_1_197' title='bbox 593 2641 689 2688; x_wconf 84' lang='lat' dir='ltr'>autem</span> <span class='ocrx_word' id='word_1_198' title='bbox 713 2625 760 2688; x_wconf 90' lang='lat' dir='ltr'>hic</span> <span class='ocrx_word' id='word_1_199' title='bbox 791 2622 842 2686; x_wconf 87' lang='lat' dir='ltr'>tibi</span> <span class='ocrx_word' id='word_1_200' title='bbox 869 2649 922 2708; x_wconf 91' lang='lat' dir='ltr'>per</span> <span class='ocrx_word' id='word_1_201' title='bbox 942 2629 1038 2689; x_wconf 87' lang='lat' dir='ltr'>literas</span> <span class='ocrx_word' id='word_1_202' title='bbox 1057 2629 1217 2708; x_wconf 81' lang='lat' dir='ltr'>significare</span> <span class='ocrx_word' id='word_1_203' title='bbox 1237 2633 1305 2710; x_wconf 88' lang='lat' dir='ltr'>pri·</span> 
     </span>
     <span class='ocr_line' id='line_1_24' title="bbox 251 2713 1306 2798; baseline -0.001 -22"><span class='ocrx_word' id='word_1_204' title='bbox 251 2720 470 2798; x_wconf 81' lang='lat' dir='ltr'>procupidiue,</span> <span class='ocrx_word' id='word_1_205' title='bbox 487 2726 614 2794; x_wconf 84' lang='lat' dir='ltr'>utsaepe</span> <span class='ocrx_word' id='word_1_206' title='bbox 627 2713 704 2774; x_wconf 85' lang='lat' dir='ltr'>alias.</span> <span class='ocrx_word' id='word_1_207' title='bbox 722 2715 765 2774; x_wconf 79' lang='lat' dir='ltr'>ci.¹</span> <span class='ocrx_word' id='word_1_208' title='bbox 791 2735 839 2772; x_wconf 89' lang='lat' dir='ltr'>mo</span> <span class='ocrx_word' id='word_1_209' title='bbox 869 2713 1068 2788; x_wconf 80' lang='lat' dir='ltr'>dubitantem,</span> <span class='ocrx_word' id='word_1_210' title='bbox 1096 2725 1193 2774; x_wconf 81' lang='lat' dir='ltr'>tamen</span> <span class='ocrx_word' id='word_1_211' title='bbox 1223 2713 1306 2776; x_wconf 81' lang='lat' dir='ltr'>hone</span> 
     </span>
     <span class='ocr_line' id='line_1_25' title="bbox 252 2793 1306 2883; baseline -0.009 -19"><span class='ocrx_word' id='word_1_212' title='bbox 252 2793 565 2883; x_wconf 71' lang='lat' dir='ltr'>Ep.1tvs.1ot.s&#39;ax.</span> <span class='ocrx_word' id='word_1_213' title='bbox 791 2799 941 2876; x_wconf 80' lang='lat' dir='ltr'>epistolem</span> <span class='ocrx_word' id='word_1_214' title='bbox 965 2798 1003 2858; x_wconf 86' lang='lat' dir='ltr'>ad</span> <span class='ocrx_word' id='word_1_215' title='bbox 1020 2810 1050 2856; x_wconf 90' lang='lat' dir='ltr'>te</span> <span class='ocrx_word' id='word_1_216' title='bbox 1074 2799 1207 2872; x_wconf 87' lang='lat' dir='ltr'>misisse;</span> <span class='ocrx_word' id='word_1_217' title='bbox 1229 2818 1306 2856; x_wconf 81' lang='lat' dir='ltr'>nam</span> 
     </span>
     <span class='ocr_line' id='line_1_26' title="bbox 291 2879 1306 2978; baseline -0.007 -32"><span class='ocrx_word' id='word_1_218' title='bbox 291 2908 343 2960; x_wconf 84' lang='lat' dir='ltr'>rr,</span> <span class='ocrx_word' id='word_1_219' title='bbox 362 2904 402 2943; x_wconf 81' lang='lat' dir='ltr'>rs.</span> <span class='ocrx_word' id='word_1_220' title='bbox 437 2884 542 2942; x_wconf 70' lang='lat' dir='ltr'>senus</span> <span class='ocrx_word' id='word_1_221' title='bbox 561 2892 624 2940; x_wconf 73' lang='lat' dir='ltr'>este</span> <span class='ocrx_word' id='word_1_222' title='bbox 645 2881 760 2942; x_wconf 83' lang='lat' dir='ltr'>Amoris</span> <span class='ocrx_word' id='word_1_223' title='bbox 790 2879 1224 2978; x_wconf 69' lang='lat' dir='ltr'>1u2,amorsci1;nutidrxu,</span> <span class='ocrx_word' id='word_1_224' title='bbox 1239 2883 1306 2958; x_wconf 83' lang='lat' dir='ltr'>jus-</span> 
     </span>
     <span class='ocr_line' id='line_1_27' title="bbox 251 2961 1307 3053; baseline -0.006 -25"><span class='ocrx_word' id='word_1_225' title='bbox 251 2970 337 3053; x_wconf 76' lang='lat' dir='ltr'>jussis</span> <span class='ocrx_word' id='word_1_226' title='bbox 358 2984 480 3046; x_wconf 80' lang='lat' dir='ltr'>pereas,</span> <span class='ocrx_word' id='word_1_227' title='bbox 497 2965 622 3043; x_wconf 87' lang='lat' dir='ltr'>quodni</span> <span class='ocrx_word' id='word_1_228' title='bbox 642 2965 760 3040; x_wconf 82' lang='lat' dir='ltr'>leceris,</span> <span class='ocrx_word' id='word_1_229' title='bbox 792 2969 963 3042; x_wconf 79' lang='lat' dir='ltr'>sit,scribe,·</span> <span class='ocrx_word' id='word_1_230' title='bbox 975 2977 1005 3026; x_wconf 92' lang='lat' dir='ltr'>et</span> <span class='ocrx_word' id='word_1_231' title='bbox 1015 2965 1071 3026; x_wconf 91' lang='lat' dir='ltr'>hoc</span> <span class='ocrx_word' id='word_1_232' title='bbox 1082 2967 1153 3026; x_wconf 89' lang='lat' dir='ltr'>mihi</span> <span class='ocrx_word' id='word_1_233' title='bbox 1164 2961 1307 3024; x_wconf 89' lang='lat' dir='ltr'>obedien-</span> 
     </span>
     <span class='ocr_line' id='line_1_28' title="bbox 252 3049 1307 3132; baseline -0.002 -22"><span class='ocrx_word' id='word_1_234' title='bbox 252 3053 410 3118; x_wconf 79' lang='lat' dir='ltr'>maximum</span> <span class='ocrx_word' id='word_1_235' title='bbox 427 3061 504 3108; x_wconf 85' lang='lat' dir='ltr'>certo</span> <span class='ocrx_word' id='word_1_236' title='bbox 522 3049 625 3108; x_wconf 82' lang='lat' dir='ltr'>certius</span> <span class='ocrx_word' id='word_1_237' title='bbox 642 3050 709 3108; x_wconf 88' lang='lat' dir='ltr'>inde</span> <span class='ocrx_word' id='word_1_238' title='bbox 732 3063 761 3110; x_wconf 85' lang='lat' dir='ltr'>te</span> <span class='ocrx_word' id='word_1_239' title='bbox 789 3055 848 3130; x_wconf 77' lang='lat' dir='ltr'>tiae</span> <span class='ocrx_word' id='word_1_240' title='bbox 876 3052 1008 3132; x_wconf 82' lang='lat' dir='ltr'>promisit</span> <span class='ocrx_word' id='word_1_241' title='bbox 1035 3051 1217 3130; x_wconf 87' lang='lat' dir='ltr'>praemium,</span> <span class='ocrx_word' id='word_1_242' title='bbox 1244 3049 1307 3108; x_wconf 80' lang='lat' dir='ltr'>da-</span> 
     </span>
     <span class='ocr_line' id='line_1_29' title="bbox 253 3134 1304 3215; baseline -0.008 -15"><span class='ocrx_word' id='word_1_243' title='bbox 253 3147 354 3200; x_wconf 85' lang='lat' dir='ltr'>manet</span> <span class='ocrx_word' id='word_1_244' title='bbox 371 3134 536 3215; x_wconf 88' lang='lat' dir='ltr'>periculum.</span> <span class='ocrx_word' id='word_1_245' title='bbox 553 3135 691 3210; x_wconf 48' lang='lat' dir='ltr'>lumper</span> <span class='ocrx_word' id='word_1_246' title='bbox 704 3154 763 3192; x_wconf 89' lang='lat' dir='ltr'>em·</span> <span class='ocrx_word' id='word_1_247' title='bbox 792 3139 836 3196; x_wconf 82' lang='lat' dir='ltr'>tu</span> <span class='ocrx_word' id='word_1_248' title='bbox 861 3139 949 3196; x_wconf 81' lang='lat' dir='ltr'>victas</span> <span class='ocrx_word' id='word_1_249' title='bbox 964 3137 1085 3214; x_wconf 65' lang='lat' dir='ltr'>sorerem</span> <span class='ocrx_word' id='word_1_250' title='bbox 1110 3139 1158 3194; x_wconf 81' lang='lat' dir='ltr'>ille</span> <span class='ocrx_word' id='word_1_251' title='bbox 1177 3153 1304 3205; x_wconf 70' lang='lat' dir='ltr'>numu,</span> 
     </span>
     <span class='ocr_line' id='line_1_30' title="bbox 253 3217 1307 3306; baseline -0.007 -23"><span class='ocrx_word' id='word_1_252' title='bbox 253 3223 376 3306; x_wconf 83' lang='lat' dir='ltr'>phasin,</span> <span class='ocrx_word' id='word_1_253' title='bbox 394 3237 521 3295; x_wconf 77' lang='lat' dir='ltr'>magnus.</span> <span class='ocrx_word' id='word_1_254' title='bbox 555 3221 595 3275; x_wconf 83' lang='lat' dir='ltr'>In</span> <span class='ocrx_word' id='word_1_255' title='bbox 611 3221 691 3278; x_wconf 84' lang='lat' dir='ltr'>Deos</span> <span class='ocrx_word' id='word_1_256' title='bbox 712 3239 762 3279; x_wconf 89' lang='lat' dir='ltr'>re·</span> <span class='ocrx_word' id='word_1_257' title='bbox 792 3221 848 3280; x_wconf 83' lang='lat' dir='ltr'>ie.</span> <span class='ocrx_word' id='word_1_258' title='bbox 872 3219 1064 3300; x_wconf 85' lang='lat' dir='ltr'>Hippolytus,</span> <span class='ocrx_word' id='word_1_259' title='bbox 1087 3217 1217 3296; x_wconf 77' lang='lat' dir='ltr'>quamvis</span> <span class='ocrx_word' id='word_1_260' title='bbox 1240 3217 1307 3276; x_wconf 84' lang='lat' dir='ltr'>ser·</span> 
     </span>
     <span class='ocr_line' id='line_1_31' title="bbox 254 3299 1306 3376; baseline -0.007 -11"><span class='ocrx_word' id='word_1_261' title='bbox 254 3329 321 3370; x_wconf 82' lang='lat' dir='ltr'>rum</span> <span class='ocrx_word' id='word_1_262' title='bbox 339 3307 501 3374; x_wconf 79' lang='lat' dir='ltr'>Dominus,</span> <span class='ocrx_word' id='word_1_263' title='bbox 527 3301 636 3360; x_wconf 88' lang='lat' dir='ltr'>nedum</span> <span class='ocrx_word' id='word_1_264' title='bbox 653 3303 683 3360; x_wconf 90' lang='lat' dir='ltr'>in</span> <span class='ocrx_word' id='word_1_265' title='bbox 706 3303 762 3362; x_wconf 88' lang='lat' dir='ltr'>ho-</span> <span class='ocrx_word' id='word_1_266' title='bbox 792 3324 858 3364; x_wconf 85' lang='lat' dir='ltr'>reus</span> <span class='ocrx_word' id='word_1_267' title='bbox 875 3303 1025 3376; x_wconf 83' lang='lat' dir='ltr'>etdurus,</span> <span class='ocrx_word' id='word_1_268' title='bbox 1044 3301 1097 3361; x_wconf 88' lang='lat' dir='ltr'>tibi</span> <span class='ocrx_word' id='word_1_269' title='bbox 1114 3299 1306 3372; x_wconf 86' lang='lat' dir='ltr'>succumbet,</span> 
     </span>
     <span class='ocr_line' id='line_1_32' title="bbox 255 3385 1306 3467; baseline -0.005 -18"><span class='ocrx_word' id='word_1_270' title='bbox 255 3392 348 3464; x_wconf 69' lang='lat' dir='ltr'>mines</span> <span class='ocrx_word' id='word_1_271' title='bbox 360 3392 410 3467; x_wconf 80' lang='lat' dir='ltr'>jus</span> <span class='ocrx_word' id='word_1_272' title='bbox 421 3385 519 3458; x_wconf 76' lang='lat' dir='ltr'>tabet,</span> <span class='ocrx_word' id='word_1_273' title='bbox 539 3387 556 3442; x_wconf 91' lang='lat' dir='ltr'>i.</span> <span class='ocrx_word' id='word_1_274' title='bbox 576 3405 600 3443; x_wconf 90' lang='lat' dir='ltr'>e.</span> <span class='ocrx_word' id='word_1_275' title='bbox 618 3405 763 3446; x_wconf 85' lang='lat' dir='ltr'>summum</span> <span class='ocrx_word' id='word_1_276' title='bbox 793 3388 845 3446; x_wconf 88' lang='lat' dir='ltr'>tihi</span> <span class='ocrx_word' id='word_1_277' title='bbox 868 3405 899 3444; x_wconf 86' lang='lat' dir='ltr'>ae</span> <span class='ocrx_word' id='word_1_278' title='bbox 918 3386 1068 3466; x_wconf 81' lang='lat' dir='ltr'>praebehit</span> <span class='ocrx_word' id='word_1_279' title='bbox 1085 3385 1249 3446; x_wconf 82' lang='lat' dir='ltr'>amandum</span> <span class='ocrx_word' id='word_1_280' title='bbox 1268 3387 1306 3444; x_wconf 76' lang='lat' dir='ltr'>et</span> 
     </span>
     <span class='ocr_line' id='line_1_33' title="bbox 253 3469 1378 3553; baseline -0.008 -18"><span class='ocrx_word' id='word_1_281' title='bbox 253 3475 409 3553; x_wconf 82' lang='lat' dir='ltr'>imperium</span> <span class='ocrx_word' id='word_1_282' title='bbox 422 3484 453 3530; x_wconf 88' lang='lat' dir='ltr'>et</span> <span class='ocrx_word' id='word_1_283' title='bbox 467 3479 639 3550; x_wconf 87' lang='lat' dir='ltr'>potestatem</span> <span class='ocrx_word' id='word_1_284' title='bbox 650 3491 704 3548; x_wconf 91' lang='lat' dir='ltr'>pro</span> <span class='ocrx_word' id='word_1_285' title='bbox 717 3493 764 3530; x_wconf 84' lang='lat' dir='ltr'>ar·</span> <span class='ocrx_word' id='word_1_286' title='bbox 792 3493 850 3530; x_wconf 75' lang='lat' dir='ltr'>van</span> <span class='ocrx_word' id='word_1_287' title='bbox 865 3469 978 3532; x_wconf 87' lang='lat' dir='ltr'>Schelle</span> <span class='ocrx_word' id='word_1_288' title='bbox 996 3491 1060 3550; x_wconf 80' lang='lat' dir='ltr'>pag.</span> <span class='ocrx_word' id='word_1_289' title='bbox 1071 3477 1112 3540; x_wconf 72' lang='lat' dir='ltr'>al.</span> <span class='ocrx_word' id='word_1_290' title='bbox 1138 3471 1239 3528; x_wconf 79' lang='lat' dir='ltr'>Victus</span> <span class='ocrx_word' id='word_1_291' title='bbox 1252 3489 1310 3526; x_wconf 76' lang='lat' dir='ltr'>nu-</span> <span class='ocrx_word' id='word_1_292' title='bbox 1377 3469 1378 3500; x_wconf 62' lang='lat'>¹</span> 
     </span>
     <span class='ocr_line' id='line_1_34' title="bbox 255 3551 1309 3632; baseline -0.008 -10"><span class='ocrx_word' id='word_1_293' title='bbox 255 3559 342 3622; x_wconf 80' lang='lat' dir='ltr'>bitrio</span> <span class='ocrx_word' id='word_1_294' title='bbox 365 3567 484 3619; x_wconf 80' lang='lat' dir='ltr'>exercet</span> <span class='ocrx_word' id='word_1_295' title='bbox 523 3555 569 3611; x_wconf 87' lang='lat' dir='ltr'>De</span> <span class='ocrx_word' id='word_1_296' title='bbox 593 3555 763 3632; x_wconf 87' lang='lat' dir='ltr'>pronomine</span> <span class='ocrx_word' id='word_1_297' title='bbox 794 3568 853 3615; x_wconf 89' lang='lat' dir='ltr'>tem</span> <span class='ocrx_word' id='word_1_298' title='bbox 865 3575 966 3615; x_wconf 84' lang='lat' dir='ltr'>manus</span> <span class='ocrx_word' id='word_1_299' title='bbox 976 3557 1061 3627; x_wconf 68' lang='lat' dir='ltr'>dare,</span> <span class='ocrx_word' id='word_1_300' title='bbox 1077 3555 1206 3632; x_wconf 81' lang='lat' dir='ltr'>ligandas</span> <span class='ocrx_word' id='word_1_301' title='bbox 1223 3551 1309 3628; x_wconf 77' lang='lat' dir='ltr'>scih,</span> 
     </span>
     <span class='ocr_line' id='line_1_35' title="bbox 254 3635 1378 3714; baseline 0.001 -18"><span class='ocrx_word' id='word_1_302' title='bbox 254 3647 315 3708; x_wconf 59' lang='lat'>1112</span> <span class='ocrx_word' id='word_1_303' title='bbox 330 3643 370 3704; x_wconf 76' lang='lat' dir='ltr'>V.</span> <span class='ocrx_word' id='word_1_304' title='bbox 387 3637 510 3705; x_wconf 81' lang='lat' dir='ltr'>Turseli.</span> <span class='ocrx_word' id='word_1_305' title='bbox 528 3655 574 3714; x_wconf 92' lang='lat' dir='ltr'>op.</span> <span class='ocrx_word' id='word_1_306' title='bbox 592 3637 610 3694; x_wconf 85' lang='lat' dir='ltr'>l</span> <span class='ocrx_word' id='word_1_307' title='bbox 629 3635 659 3692; x_wconf 89' lang='lat' dir='ltr'>in</span> <span class='ocrx_word' id='word_1_308' title='bbox 683 3658 709 3696; x_wconf 85' lang='lat' dir='ltr'>v.</span> <span class='ocrx_word' id='word_1_309' title='bbox 795 3641 963 3700; x_wconf 88' lang='lat' dir='ltr'>dicebantur</span> <span class='ocrx_word' id='word_1_310' title='bbox 985 3641 1055 3702; x_wconf 86' lang='lat' dir='ltr'>olim</span> <span class='ocrx_word' id='word_1_311' title='bbox 1074 3639 1142 3700; x_wconf 80' lang='lat' dir='ltr'>victi</span> <span class='ocrx_word' id='word_1_312' title='bbox 1162 3641 1192 3696; x_wconf 89' lang='lat' dir='ltr'>in</span> <span class='ocrx_word' id='word_1_313' title='bbox 1214 3657 1310 3697; x_wconf 84' lang='lat' dir='ltr'>arena</span> <span class='ocrx_word' id='word_1_314' title='bbox 1376 3643 1378 3674; x_wconf 76' lang='lat'><strong>⁴</strong></span> 
     </span>
     <span class='ocr_line' id='line_1_36' title="bbox 288 3721 1378 3802; baseline -0.01 -13"><span class='ocrx_word' id='word_1_315' title='bbox 288 3727 411 3796; x_wconf 75' lang='lat' dir='ltr'>Viden,</span> <span class='ocrx_word' id='word_1_316' title='bbox 429 3743 486 3798; x_wconf 81' lang='lat' dir='ltr'>que</span> <span class='ocrx_word' id='word_1_317' title='bbox 498 3733 559 3777; x_wconf 87' lang='lat' dir='ltr'>arte</span> <span class='ocrx_word' id='word_1_318' title='bbox 578 3721 669 3778; x_wconf 82' lang='lat' dir='ltr'>scelus</span> <span class='ocrx_word' id='word_1_319' title='bbox 679 3741 764 3782; x_wconf 88' lang='lat' dir='ltr'>suum</span> <span class='ocrx_word' id='word_1_320' title='bbox 793 3725 971 3802; x_wconf 81' lang='lat' dir='ltr'>gladiatores.</span> <span class='ocrx_word' id='word_1_321' title='bbox 988 3721 1138 3801; x_wconf 85' lang='lat' dir='ltr'>Loquendi</span> <span class='ocrx_word' id='word_1_322' title='bbox 1152 3721 1243 3794; x_wconf 85' lang='lat' dir='ltr'>ratio,</span> <span class='ocrx_word' id='word_1_323' title='bbox 1258 3721 1310 3780; x_wconf 87' lang='lat' dir='ltr'>in·</span> <span class='ocrx_word' id='word_1_324' title='bbox 1376 3727 1378 3758; x_wconf 56' lang='lat' dir='ltr'>r</span> 
     </span>
     <span class='ocr_line' id='line_1_37' title="bbox 256 3803 1312 3889; baseline -0.006 -21"><span class='ocrx_word' id='word_1_325' title='bbox 256 3821 354 3889; x_wconf 75' lang='lat' dir='ltr'>tegat,</span> <span class='ocrx_word' id='word_1_326' title='bbox 373 3818 402 3866; x_wconf 85' lang='lat' dir='ltr'>et</span> <span class='ocrx_word' id='word_1_327' title='bbox 421 3804 508 3864; x_wconf 85' lang='lat' dir='ltr'>simul</span> <span class='ocrx_word' id='word_1_328' title='bbox 530 3804 679 3864; x_wconf 82' lang='lat' dir='ltr'>discrimen</span> <span class='ocrx_word' id='word_1_329' title='bbox 695 3803 764 3864; x_wconf 82' lang='lat' dir='ltr'>boni</span> <span class='ocrx_word' id='word_1_330' title='bbox 794 3809 856 3886; x_wconf 87' lang='lat' dir='ltr'>quit</span> <span class='ocrx_word' id='word_1_331' title='bbox 867 3807 983 3866; x_wconf 84' lang='lat' dir='ltr'>Ruhuk.</span> <span class='ocrx_word' id='word_1_332' title='bbox 996 3807 1074 3865; x_wconf 85' lang='lat' dir='ltr'>adh.</span> <span class='ocrx_word' id='word_1_333' title='bbox 1087 3827 1145 3880; x_wconf 75' lang='lat' dir='ltr'>va,</span> <span class='ocrx_word' id='word_1_334' title='bbox 1158 3807 1245 3875; x_wconf 69' lang='lat' dir='ltr'>ductu</span> <span class='ocrx_word' id='word_1_335' title='bbox 1260 3816 1312 3862; x_wconf 80' lang='lat' dir='ltr'>est</span> 
     </span>
    </p>
   </div>
   <div class='ocr_carea' id='block_1_4' title="bbox 91 3887 1377 3972">
    <p class='ocr_par' dir='ltr' id='par_1_7' title="bbox 91 3887 1377 3972">
     <span class='ocr_line' id='line_1_38' title="bbox 91 3887 1377 3972; baseline -0.009 -16"><span class='ocrx_word' id='word_1_336' title='bbox 91 3949 96 3956; x_wconf 91' lang='lat'>.</span> <span class='ocrx_word' id='word_1_337' title='bbox 182 3957 187 3966; x_wconf 78' lang='grc'><em>,</em></span> <span class='ocrx_word' id='word_1_338' title='bbox 258 3906 291 3956; x_wconf 83' lang='lat' dir='ltr'>et</span> <span class='ocrx_word' id='word_1_339' title='bbox 308 3894 389 3972; x_wconf 81' lang='lat' dir='ltr'>pravi</span> <span class='ocrx_word' id='word_1_340' title='bbox 406 3887 501 3950; x_wconf 88' lang='lat' dir='ltr'>animo</span> <span class='ocrx_word' id='word_1_341' title='bbox 523 3889 633 3964; x_wconf 74' lang='lat' dir='ltr'>juvenis</span> <span class='ocrx_word' id='word_1_342' title='bbox 657 3889 765 3948; x_wconf 81' lang='lat' dir='ltr'>evelle·</span> <span class='ocrx_word' id='word_1_343' title='bbox 795 3889 1029 3966; x_wconf 84' lang='lat' dir='ltr'>agladiatoribua</span> <span class='ocrx_word' id='word_1_344' title='bbox 1047 3891 1121 3948; x_wconf 86' lang='lat' dir='ltr'>inter</span> <span class='ocrx_word' id='word_1_345' title='bbox 1131 3909 1161 3950; x_wconf 89' lang='lat' dir='ltr'>se</span> <span class='ocrx_word' id='word_1_346' title='bbox 1172 3910 1314 3970; x_wconf 74' lang='lat' dir='ltr'>pugnan·</span> <span class='ocrx_word' id='word_1_347' title='bbox 1376 3899 1377 3904; x_wconf 76' lang='grc'>’</span> 
     </span>
    </p>
   </div>
   <div class='ocr_carea' id='block_1_5' title="bbox 235 3971 1377 4138">
    <p class='ocr_par' dir='ltr' id='par_1_8' title="bbox 235 3971 1377 4138">
     <span class='ocr_line' id='line_1_39' title="bbox 260 3971 1377 4049; baseline -0.004 -16"><span class='ocrx_word' id='word_1_348' title='bbox 260 3997 293 4040; x_wconf 76' lang='lat' dir='ltr'>re</span> <span class='ocrx_word' id='word_1_349' title='bbox 312 3985 429 4032; x_wconf 88' lang='lat' dir='ltr'>conetur</span> <span class='ocrx_word' id='word_1_350' title='bbox 449 3971 579 4030; x_wconf 85' lang='lat' dir='ltr'>Phaedra</span> <span class='ocrx_word' id='word_1_351' title='bbox 598 3972 666 4030; x_wconf 89' lang='lat' dir='ltr'>inde</span> <span class='ocrx_word' id='word_1_352' title='bbox 688 3973 765 4032; x_wconf 93' lang='lat' dir='ltr'>colo·</span> <span class='ocrx_word' id='word_1_353' title='bbox 795 3971 884 4044; x_wconf 88' lang='lat' dir='ltr'>tibus,</span> <span class='ocrx_word' id='word_1_354' title='bbox 903 3993 1027 4049; x_wconf 85' lang='lat' dir='ltr'>quorum</span> <span class='ocrx_word' id='word_1_355' title='bbox 1042 3973 1131 4046; x_wconf 89' lang='lat' dir='ltr'>alter,</span> <span class='ocrx_word' id='word_1_356' title='bbox 1150 3987 1183 4032; x_wconf 94' lang='lat' dir='ltr'>ut</span> <span class='ocrx_word' id='word_1_357' title='bbox 1202 3971 1312 4032; x_wconf 83' lang='lat' dir='ltr'>sevie-</span> <span class='ocrx_word' id='word_1_358' title='bbox 1372 3983 1377 4012; x_wconf 75' lang='lat'>&#39;³</span> 
     </span>
     <span class='ocr_line' id='line_1_40' title="bbox 235 4055 1316 4138; baseline -0.006 -21"><span class='ocrx_word' id='word_1_359' title='bbox 235 4081 323 4138; x_wconf 63' lang='grc' dir='ltr'>Ι,ηιω</span> <span class='ocrx_word' id='word_1_360' title='bbox 355 4055 480 4124; x_wconf 76' lang='lat' dir='ltr'>libidinis</span> <span class='ocrx_word' id='word_1_361' title='bbox 512 4075 580 4116; x_wconf 83' lang='lat' dir='ltr'>suae</span> <span class='ocrx_word' id='word_1_362' title='bbox 614 4057 762 4136; x_wconf 84' lang='lat' dir='ltr'>petendo,</span> <span class='ocrx_word' id='word_1_363' title='bbox 796 4057 1038 4134; x_wconf 78' lang='lat' dir='ltr'>inmitteretur,</span> <span class='ocrx_word' id='word_1_364' title='bbox 1062 4077 1163 4119; x_wconf 82' lang='lat' dir='ltr'>manus</span> <span class='ocrx_word' id='word_1_365' title='bbox 1185 4055 1316 4121; x_wconf 59' lang='lat' dir='ltr'>tollebat</span> 
     </span>
    </p>
   </div>
   <div class='ocr_carea' id='block_1_6' title="bbox 0 0 1423 4822">
    <p class='ocr_par' dir='ltr' id='par_1_9' title="bbox 0 0 1423 4822">
     <span class='ocr_line' id='line_1_41' title="bbox 0 0 1423 4822; baseline 0 0"><span class='ocrx_word' id='word_1_366' title='bbox 0 0 1423 4822; x_wconf 95' lang='lat' dir='ltr'> </span> 
     </span>
    </p>
   </div>
  </div>
 </body>
</html>
