2802 4838
237 415 299 470 m
502 389 1003 465 PROOEMIUM.¹

243 607 281 668 et
308 589 511 678 verborum,
544 587 669 690 quibus
700 592 864 690 princeps
889 600 1131 696 argumentum
1152 589 1286 665 credi··

241 719 316 796 bile
347 715 526 808 redditur,
551 722 674 816 poetae
702 743 789 818 opus
814 730 877 791 est.
926 715 1025 791 Nihil
1054 721 1166 821 jejune
1179 749 1192 809 ,¹
1212 717 1265 790 ni·

241 847 295 922 hil
316 845 448 922 exiliter
471 844 626 938 dicatur,
652 869 749 919 resa
767 853 872 947 poeta
888 845 1027 948 cpgnita
1047 857 1082 920 et
1105 855 1263 947 percepta

242 972 526 1048 similitudinibus
564 971 798 1074 exemplisque
830 996 904 1046 non
941 971 1043 1074 longe
1079 971 1282 1062 arcessitis„

243 1101 306 1176 scd
325 1099 370 1174 de
389 1100 508 1176 medio
526 1101 649 1176 sumtis
670 1101 695 1174 i.
705 1125 736 1174 e.
762 1099 991 1202 popularibus
1014 1113 1051 1174 et
1068 1111 1184 1201 sponte
1203 1096 1279 1170 ob·.

242 1229 307 1304 vtis
333 1243 537 1319 exornetur;
573 1225 702 1318 verbo,
737 1254 843 1329 quam
873 1227 1069 1302 laetissimis
1095 1221 1276 1300 floridissi·.

242 1353 377 1458 misque
406 1355 577 1428 coloribus
599 1357 768 1457 pingatur.
817 1357 923 1432 Recte
956 1349 1262 1430 enim'Simonidcs

245 1482 340 1584 apud
365 1483 456 1558 Plut.
481 1481 527 1556 de
545 1483 650 1584 gloria
675 1483 801 1560 Athen.
825 1510 904 1586 pag.
920 1483 1003 1579 346.
1028 1481 1094 1559 l.f.
1144 1511 1165 1552 »
1191 1477 1267 1552 Pic-

245 1625 359 1685 torem
376 1612 522 1686 tacitum
543 1619 687 1713 poema,
713 1619 838 1711 potma
867 1636 948 1686 vero
974 1609 1174 1712 loquentem
1195 1605 1279 1706 pic·'

246 1751 360 1812 turam
386 1765 461 1812 esse
474 1737 491 1771 ''
515 1763 619 1840 quern
648 1737 742 1812 haud
770 1736 877 1812 dubie
905 1750 1043 1813 secutus
1066 1741 1120 1808 ¹est
1146 1739 1281 1808 Auctor.

244 1863 434 1940 Librorum
455 1865 719 1938 Rhetorieorum
744 1863 788 1936 ad
818 1865 976 1940 Herenn.
1001 1869 1042 1942 Ii.
1061 1863 1125 1938 IV.
1146 1889 1187 1964 c.
1210 1863 1276 1935 28..

245 1992 275 2063 si
304 1999 448 2092 potura,
485 1993 669 2094 inquiens,
703 1991 846 2092 loquens
880 1995 1016 2094 pictura
1053 2003 1125 2082 cst;
1159 1987 1275 2088 pictu-

245 2143 284 2192 ra
330 2120 471 2192 tacitum
510 2129 636 2220 poema
672 2117 777 2192 debet
816 2145 902 2195 esse.
961 2119 1116 2197 Addatur
1151 2115 1270 2188 Horat.

246 2243 292 2317 ad
317 2245 390 2319 Pis.
421 2271 472 2320 vs.
490 2245 575 2320 361.
624 2277 645 2318 >r
671 2249 724 2322 Ut
752 2247 912 2347 pictura,
950 2243 1104 2348 poesis.”
1137 2243 1274 2316 Scilicet

247 2369 342 2470 quod
368 2374 517 2472 pictores
539 2372 634 2447 lucis‘
654 2375 842 2449 eminentia
866 2389 901 2448 et
927 2374 1050 2448 umbra
1075 2375 1098 2447 i.
1120 2395 1151 2444 e.
1177 2365 1272 2440 colo-

244 2497 343 2572 ribus
370 2511 463 2600 apte,
480 2498 583 2572 illatis
610 2515 804 2601 praestant;
828 2501 869 2574 id
899 2511 1025 2606 poetae
1051 2493 1208 2600 epithetis
1234 2503 1279 2564 et*

245 2625 456 2726 metaphoris
479 2625 651 2720 efficiunt,
683 2631 723 2702 in
747 2657 895 2730 quarum
924 2626 1095 2729 elegantia
1122 2632 1272 2698 venatur

245 2763 318 2827 tota
339 2777 439 2852 saepe
474 2754 634 2826 carminis
664 2753 813 2854 dignitas
838 2769 874 2830 et
905 2769 1087 2846 venustas,
1110 2765 1272 2848 unquam

248 2906 328 2955 cum
359 2877 463 2955 rebus
482 2880 695 2953 inanimatis
723 2883 863 2985 vitaque
889 2884 1084 2960 carentibus
1112 2873 1272 2952 attributa

247 3008 462 3098 vivenuum,
487 3019 522 3078 et
536 3007 685 3080 vicissim
706 3010 864 3087 animatis
892 3013 1055 3089 materiae
1079 3005 1279 3083 affectiones.

249 3130 516 3223 adscribuntur,
542 3135 593 3206 uti
617 3161 735 3234 oquae
754 3142 903 3215 humeae
926 3140 1021 3244 apud
1048 3139 1142 3212 hunc
1161 3135 1272 3232 ipsum

250 3255 416 3330 Ovidium
444 3261 513 3359 Ep.
529 3260 560 3336 I.
593 3261 735 3338 Heroid.
760 3291 810 3340 vs.
831 3269 867 3342 6.
905 3293 970 3368 pro
997 3266 1086 3341 meri
1117 3249 1274 3336 fluctibus

252 3381 375 3480 agitato
398 3398 433 3457 et
460 3384 648 3460 furibundo
675 3389 808 3464 homini
833 3393 957 3489 simili;
990 3395 1038 3468 ita
1066 3417 1116 3467 vs.
1133 3386 1191 3480 54.
1221 3384 1276 3454 lu·

250 3511 378 3582 auree
402 3508 553 3604 humus,
578 3531 691 3588 sumta
716 3519 924 3618 metaphora
953 3519 998 3595 ab
1033 3519 1134 3594 obeso
1169 3512 1277 3587 homi·

250 3659 320 3727 nc,
355 3637 416 3736 qui
451 3635 535 3710 luxu
566 3653 601 3711 et
631 3640 809 3742 voluptate
843 3649 998 3747 corporis
1040 3639 1277 3721 habitudinem

252 3761 434 3835 contraxit.
484 3763 543 3836 Sic
568 3773 620 3838 v's.
635 3764 855 3866 58.,ferreus
881 3770 987 3846 homo
1003 3799 1067 3876 pro
1086 3765 1276 3844 durissimo.

252 3884 306 3958 Ita
330 3915 410 3962 cum
440 3913 521 3986 opes
546 3903 712 3994 tanquam
744 3897 873 3971 viscera
905 3900 1123 3978 dilaniantem
1145 3919 1193 3970 vs.
1211 3913 1278 3992 90,

254 4024 291 4083 ct
320 4015 367 4086 sic
396 4015 434 4089 in
467 4021 634 4092 sexcentis
668 4021 754 4094 aliis.
814 4025 980 4104 Similiter
1010 4029 1139 4105 dicitur
1173 4015 1282 4096 herba

255 4139 347 4211 sitire
381 4157 416 4212 et
451 4148 556 4234 mori,
592 4141 678 4246 quae
711 4151 820 4223 nimio
851 4155 961 4230 calore
988 4154 1191 4232 flaccescens
1221 4145 1286 4217 im·
